2111 2828
601 185 1129 236 HISTOIRE.
1581 190 1604 236 ς’

317 306 448 350 Mnlti
484 316 676 350 veterum
699 335 712 357 ‚
745 303 816 358 qui
855 315 1012 345 nomen
1048 301 1211 344 celebre
1242 300 1291 342 ad
1324 297 1608 355 posteritatem

130 375 410 428 reliquerunt.
450 374 631 426 negotiis
670 370 861 411 civilibus
897 368 1199 421 fungebantur,
1234 376 1276 406 et
1312 367 1354 406 in
1390 366 1482 406 otio
1517 375 1612 407 tan-

132 455 220 485 tum
276 440 512 480 litterarum
550 438 674 478 studia
712 432 952 473 tractabant.
1023 454 1127 461 ——
1179 428 1288 470 Fieri
1324 430 1407 470 hoc
1445 439 1612 483 poterat

132 505 294 550 saeculis
330 505 438 551 illis,
488 515 583 542 cum
620 499 822 540 arctiores
859 496 1026 537 limites.
1062 495 1211 548 quibus
1246 507 1398 538 ornnes
1432 494 1613 549 discipli-

134 585 211 614 nae
247 569 585 618 circumscriptae
621 572 770 611 erant,
820 573 904 601 non
939 562 1191 601 continuum
1231 559 1272 600 in
1310 560 1460 602 litteris
1497 559 1612 602 labne

132 650 221 681 rem
259 636 536 687 requirerent,
594 640 774 679 cumque
811 626 896 680 ipsa
932 627 1206 681 negotiorum
1241 626 1508 679 publicorum
1548 639 1615 667 ra-

133 705 194 744 tio
240 698 426 740 nondum
464 693 587 734 tantis
622 691 944 734 difficultatibrs
980 691 1182 746 impedita
1201 704 1303 732 erar.
1370 687 1614 732 m—Cum

136 776 271 807 autern
310 771 462 801 omnes
497 758 580 798 fere
617 757 860 810 diiciplinac
895 758 935 798 in
973 756 1235 798 immensum*
1264 756 1498 804 creverint,
1532 755 1612 798 dif-

135 829 242 871 ficile
279 825 366 873 est,
412 825 523 865 vitae
560 823 746 878 publicae
783 825 955 876 negotia
989 822 1186 864 obeundo
1225 823 1267 862 in
1303 822 1454 864 litteris
1492 820 1616 862 simul

134 893 280 947 infigni
332 889 480 942 aliquo
536 891 665 930 modo
701 886 922 942 proficere.
989 910 1091 921 ——u-
1127 883 1284 930 Nostra
1318 898 1462 929 tamen
1499 897 1616 928 aetas

133 955 337 1000 nonnulla
388 955 516 996 etiam
566 964 607 994 et
644 953 832 996 inlustria
864 953 989 995 huius
1026 953 1086 994 rei
1122 953 1322 1007 exempla
1359 953 1490 1002 tulit,
1549 951 1618 994 red

130 1024 230 1065 haec
270 1036 292 1062 a
325 1019 429 1061 viris
465 1018 646 1074 profesta
684 1019 807 1067 sunt,
852 1019 925 1072 qui
962 1029 1055 1060 raro
1089 1018 1260 1071 ingenio
1297 1018 1506 1074 praediti,
1546 1016 1621 1058 vel

130 1091 323 1130 fortunae
381 1084 504 1126 donis
559 1098 655 1138 prae
711 1084 884 1125 caeteris
936 1082 1074 1126 ornati
1118 1084 1300 1125 fuerunt.
1365 1105 1469 1114 --
1505 1079 1618 1123 Cum

133 1165 276 1195 autem
313 1150 397 1191 hoc
436 1150 578 1203 paucis
618 1160 806 1197 tantum,
845 1161 953 1201 quos
987 1149 1046 1191 dii
1082 1159 1249 1200 amant,
1283 1148 1428 1190 datum
1464 1145 1531 1199 sit,
1567 1147 1618 1189 ad

135 1219 328 1273 vulgares
365 1213 545 1257 calculos
582 1215 728 1256 vocari
762 1214 921 1268 nequit.

324 1344 546 1387 Provisum
582 1345 709 1400 igitur
743 1344 830 1397 est,
865 1352 936 1392 vt,
974 1343 1047 1396 qui
1084 1341 1366 1397 exquisitioris
1401 1340 1620 1383 doetrinae

139 1409 281 1464 cupidi
315 1412 456 1459 essent,
492 1413 534 1452 in
573 1412 790 1453 iocietates
827 1409 1046 1452 litterarias
1079 1413 1256 1457 coirent,
1292 1407 1526 1460 litterisque
1548 1420 1621 1448 va·

139 1476 275 1515 cando
318 1477 443 1519 decus
479 1488 520 1518 et
556 1477 711 1517 famam
750 1486 997 1529 comparare
1032 1475 1206 1529 possent.
1274 1471 1531 1525 Disciplinae
1565 1472 1619 1514 il·

141 1537 214 1584 lae,
247 1541 396 1589 quibus
430 1542 479 1582 ad
517 1543 627 1583 vitae
663 1541 802 1582 civilis
839 1541 1009 1593 negotia
1045 1539 1312 1587 instituimur,
1353 1538 1619 1593 praeclaram

141 1602 263 1641 nubis
308 1604 350 1642 in
403 1607 576 1645 civitate
612 1606 746 1646 nostra
781 1615 821 1646 et
857 1604 964 1658 apud
1000 1604 1217 1659 populares
1252 1603 1414 1644 nostros
1448 1603 1618 1644 laudern

141 1679 386 1720 comparare
430 1671 610 1720 possunr.
674 1690 776 1697 —-—
813 1668 955 1708 Larius
998 1680 1136 1709 nutem
1171 1677 1287 1721 patet
1324 1668 1364 1708 id
1399 1666 1626 1708 celebrita-

143 1731 192 1771 tis
227 1743 373 1784 genus,
414 1733 525 1785 quod
562 1732 611 1772 ab
648 1731 697 1771 iis
736 1735 920 1772 maxime
956 1731 1107 1773 litteris
1143 1742 1183 1771 et
1220 1731 1377 1773 artibus
1415 1730 1624 1785 proficisci

142 1797 291 1850 potest,
330 1809 434 1848 quae
471 1799 667 1839 omnium
705 1796 962 1850 populorum
999 1796 1241 1838 commodis
1278 1797 1526 1850 inseruiunt,
1561 1798 1627 1852 ip-

144 1862 310 1915 samque
345 1874 487 1904 rerum
524 1862 835 1915 hominumque
873 1872 1065 1902 naturam
1102 1859 1385 1914 explorando,
1430 1861 1629 1904 nobilifli·

145 1939 256 1966 marn
292 1927 331 1967 in
370 1939 452 1981 qua
488 1931 525 1969 (e
563 1937 760 1970 exerceat
797 1927 1011 1980 ingenium
1049 1929 1271 1968 materiam
1309 1927 1527 1984 praebent.

336 2055 451 2096 Haec
488 2056 663 2098 dicenda
699 2057 803 2099 duxi
837 2056 936 2100 Viri
970 2054 1151 2099 Illustres
1173 2087 1185 2106 ‚
1241 2069 1293 2098 ne
1327 2069 1394 2098 me
1431 2058 1627 2114 ignarum

146 2118 426 2168 existimetis,
479 2133 684 2175 quantum
740 2132 916 2165 conatus
968 2121 1074 2172 sim,
1131 2134 1229 2163 cum
1286 2135 1428 2164 meum
1467 2138 1626 2169 nomen

142 2183 288 2227 Illustri
325 2183 498 2226 Vestrae
534 2186 736 2230 Societati
775 2187 921 2230 ascribi
958 2199 1173 2239 cuperem,
1208 2197 1338 2242 vtque
1361 2187 1498 2231 Vobis
1531 2204 1627 2246 gra-

145 2260 233 2292 tum
272 2263 412 2293 meum
451 2250 640 2297 animum
675 2253 813 2306 tester,
853 2254 928 2304 qui
966 2252 1185 2296 hominem
1220 2253 1424 2297 mediocri
1460 2266 1628 2300 tantum

859 2332 884 2360 a
922 2330 946 2368 3
1517 2323 1631 2380 inge·
