2111 2828
936 120 1054 170 ωξτξζ
1115 117 1316 175 )222(
1378 124 1493 174 giege-

604 236 681 274 Per
711 232 843 274 latera
876 229 1077 282 fibrarum
1112 243 1257 273 nexus.
1326 229 1555 275 Coalitione
1594 235 1828 286 inordinata,

672 309 891 351 Lateribiis
926 309 1006 351 suis
1039 309 1166 353 fibrae
1200 310 1380 364 singulae
1414 312 1708 356 fasciculorum
1735 317 1957 359 ventriculi

480 374 629 418 finistri
680 375 838 430 duplici
893 376 1056 416 ratione
1104 377 1213 417 intei-
1251 378 1288 417 se
1324 379 1646 427 couned'tuntur,
1713 379 1802 422 Vel
1836 383 1963 423 coali-

482 443 598 482 tione
635 439 794 483 scilicet
829 441 1066 482 inordinata
1103 442 1141 482 id
1180 439 1363 484 efficitur
1388 443 1456 483 vel
1492 456 1572 498 ope
1602 443 1851 487 fibrillarum
1890 458 1963 486 ne-

481 506 705 548 &entiurm
773 505 876 548 Illud
914 508 1103 547 maxime
1134 507 1172 548 in
1213 506 1417 562 superiori
1455 508 1668 564 superficie
1701 512 1748 552 ad
1786 523 1961 552 crenam

482 572 625 613 locum
663 570 813 621 habet,
849 571 918 611 vbi
953 570 1081 612 fibrae
1116 572 1261 626 planae
1296 574 1413 615 iuxta
1447 572 1485 614 se
1521 585 1670 616 mutuo
1704 577 1961 628 incedentes,

479 638 720 690 frequenter
756 636 1017 687 coalescunt,
1071 649 1283 689 vnamque
1325 639 1519 680 latiorem
1559 639 1750 682 efficiunt
1787 639 1961 690 fibram,

482 714 589 743 mox
639 715 769 756 pori-0
803 701 1031 742 secedendo
1067 702 1108 744 in
1144 702 1248 742 duas
1284 703 1436 745 diuisae
1470 704 1593 747 fibras
1642 707 1883 760 iterumque
1921 706 1962 748 in

481 779 608 809 viiam
648 766 909 807 confluentes
948 763 1038 822 (a).
1107 765 1276 807 Deinde
1314 767 1353 806 in
1399 769 1589 812 inferiori
1642 773 1768 813 etiam
1823 770 1967 824 super·

480 831 570 874 ficie
606 832 751 872 eadem
791 831 931 886 paffim
970 832 1079 872 ratio
1106 843 1240 872 nexus
1277 832 1389 873 inter
1421 831 1546 875 fibras
1585 836 1818 884 inuenitur,
1855 847 1962 888 quae

481 897 592 938 haud
626 909 747 944 raro,
783 896 884 936 dum
923 896 1044 938 dustu
1085 897 1208 938 simili
1242 897 1598 951 progrediuntur,
1639 901 1884 951 confluunt,
1919 907 1966 941 vt

483 960 693 1004 difficilius
727 960 831 1003 fibra
867 960 997 1003 altera
1033 962 1082 1003 ab
1119 962 1247 1005 altera
1281 962 1558 1017 distinguatur
1595 963 1683 1020 (b).

980 1079 1016 1120 F
1018 1078 1164 1122 ibrillis
1199 1079 1462 1127 neHentibus.

673 1155 820 1211 Longe
858 1157 1207 1212 frequentissimus
1245 1146 1414 1209 tamen,
1467 1170 1554 1214 quo
1603 1157 1780 1200 fasciculi
1815 1157 1964 1200 fibrae·

482 1235 565 1277 que
598 1223 825 1265 ventriculi
860 1223 1005 1265 sinistri
1043 1223 1379 1275 complicantur,
1433 1236 1565 1265 nexus
1618 1222 1781 1264 fibrillis
1833 1223 1966 1264 effici-

485 1300 579 1338 tur,
633 1287 683 1328 ab
719 1287 846 1329 altera
900 1287 1002 1329 fibra
1038 1289 1077 1328 in
1117 1288 1320 1338 alteram,
1374 1302 1396 1328 a
1433 1287 1630 1330 fasciculo
1681 1289 1841 1334 altero,
1895 1295 1966 1327 aut

483 1354 605 1403 fune,
659 1354 701 1394 in
738 1352 920 1395 alterum
974 1353 1291 1395 transeuntibus.
1359 1352 1517 1406 Neque
1555 1363 1730 1404 vsquam
1772 1353 1882 1390 inter
1917 1349 1966 1391 fi-

485 1419 578 1461 bras
616 1429 689 1459 aut
724 1419 965 1465 fasciculos,
1001 1419 1073 1473 qui
1106 1417 1284 1459 distincti
1319 1417 1438 1459 iuxta
1465 1417 1502 1457 se
1529 1417 1714 1458 inuicem
1754 1416 1965 1464 incedunt,

485 1482 662 1526 fibiillae
696 1481 873 1524 deficere
910 1484 1131 1535 videntum
1182 1483 1314 1524 modo
1352 1493 1397 1524 vt
1432 1480 1692 1522 breuiffirnae
1726 1481 1768 1520 iri
1806 1479 1966 1521 sedibus

483 1549 560 1601 iis,
600 1548 669 1588 vbi
706 1549 858 1590 arctius
892 1548 1072 1590 fasciculi
1106 1558 1175 1587 aut
1211 1547 1339 1588 fibrae
1377 1547 1635 1600 compressae
1688 1546 1968 1600 progrediun-

485 1624 576 1662 tur,
614 1613 836 1654 observatu
875 1613 951 1653 sint
988 1611 1196 1655 difficiles.
1263 1612 1358 1653 Huc
1395 1613 1582 1653 maxime
1617 1610 1745 1652 fibrae
1782 1611 1965 1650 radiatae

485 1681 694 1733 pertinent
729 1678 860 1730 apicis
898 1678 937 1717 in
976 1677 1180 1731 superiori
1218 1676 1436 1731 superficie
1482 1675 1731 1720 ventriculi,
1785 1685 1964 1726 quarum

488 1742 616 1788 aliae,
669 1745 899 1783 eminentes
942 1741 1168 1783 interstitiis
1218 1740 1493 1787 notabilibus,
1546 1753 1566 1777 a
1603 1741 1640 1778 se
1680 1738 1861 1779 invicem
1902 1739 1967 1779 di-

489 1806 656 1849 stineiae
693 1805 810 1851 sunt,
849 1805 949 1844 aliae
986 1803 1232 1858 profundius
1267 1805 1498 1857 serpentes,
1543 1802 1706 1843 illarum
1747 1801 1968 1843 interstitia

488 1872 678 1925 replent,
716 1881 756 1910 et
793 1881 898 1922 quae
933 1881 1134 1919 vti-aeque
1173 1867 1417 1909 breuiffimis
1453 1868 1529 1907 vix
1575 1867 1799 1907 visibilibus
1837 1865 1969 1907 fibril·

486 1938 539 1980 lis
577 1933 794 1977 arc'tiliime
847 1937 956 1973 inter
997 1934 1035 1973 se
1075 1933 1163 1973 sunt
1216 1945 1430 1975 connexae
1467 1929 1557 1989 (c.)
1647 1930 1721 1973 Vti
1759 1932 1801 1971 iii
1841 1932 1965 1971 nullis

1866 2008 1966 2037 vcro

538 2131 576 2173 (α
618 2128 702 2162 Tab.
730 2130 754 2163 Ῐ.
784 2137 837 2173 89,
865 2143 922 2173 90,

539 2186 576 2224 (b
622 2190 706 2223 Tab.
736 2193 788 2224 111.
816 2197 866 2230 28.
895 2202 946 2234 29.
974 2201 1026 2232 30.

543 2248 591 2291 (ι’)
621 2247 706 2280 Τὼ.
734 2249 755 2281 1.
783 2254 837 2292 98.
867 2260 940 2282 100.
970 2258 1037 2289 ¹03·
