2111 2828
423 187 453 225 4
596 165 732 183 ··
863 163 936 208 Ἡ
970 164 991 208 1
1020 159 1132 208 ST
1165 157 1208 206 o
1240 159 1330 204 tn
1360 158 1412 204 E.

678 274 776 325 Vir?
801 281 1002 338 austres,
1035 267 1296 344 ⁴Celeberrin'n·
1331 281 1368 317 ec
1403 262 1644 329 'claiiffimn

618 392 822 445 „Multae
858 392 949 432 sunt
984 389 1026 430 in
1065 387 1258 430 societate
1293 385 1406 429 civili
1427 389 1708 435 conditiones,
1745 385 1784 428 in
1808 385 1904 439 qui·

430 464 504 505 bus
558 460 624 503 vel
678 458 900 500 mediocris
936 455 1093 508 ingenii
1127 453 1263 494 homo
1301 452 1494 493 maximo
1528 463 1622 490 cum
1661 454 1732 492 suo
1767 463 1809 491 et
1845 450 1903 490 ci-

430 530 551 570 vium
599 526 764 566 suorum
804 522 939 564 fructu
975 519 1228 574 reipublicae
1265 515 1504 557 commodis
1543 515 1774 568 prospicere
1811 524 1904 568 pot·

433 594 501 634 est.
575 612 674 620 -—-
733 587 800 628 Ad
851 587 1048 641 pleraque
1085 584 1252 638 negotia
1286 592 1326 623 et
1365 593 1538 621 munera
1573 581 1682 619 vitae
1718 578 1907 620 obeunda

430 657 621 709 vulgares
657 653 788 694 animi
821 652 941 694 dotes
978 647 1217 695 iufficiunt‚
1278 646 1492 697 multaque
1530 656 1630 696 quae
1666 643 1756 682 aliis
1792 654 1906 695 prae-

432 724 584 765 stamus
634 716 776 759 officia
825 730 848 756 a
881 713 1087 757 benevola
1140 723 1310 755 tantum
1359 711 1491 752 animi
1541 706 1759 750 affeetionc
1811 718 1908 761 pro-

431 788 687 829 ficiscuntur.

626 922 839 967 Cautione
881 920 1078 963 maxima*
1112 917 1422 975 providendum
1460 915 1515 957 est
1538 939 1553 964 ‚
1595 924 1650 954 -vt
1687 911 1768 954 tale
1801 912 1913 954 vitae

437 1006 568 1052 genus
605 991 821 1038 sectemur,
856 988 924 1029 cui
961 985 1176 1039 ingenium
1215 994 1256 1025 et
1291 995 1430 1024 mores
1467 979 1595 1021 nostri
1629 989 1790 1033 opt1me
1814 990 1916 1018 con·

438 1062 710 1107 veniunqm
743 1056 787 1096 in
821 1064 915 1107 quo,
947 1052 998 1094 de.
1024 1051 1225 1097 societate
1245 1078 1258 1098 ‚
1281 1047 1656 1095 ,cui-‚intersumus
1690 1043 1793 1084 bene
1824 1054 1918 1085 me·

443 1125 564 1169 rendi
616 1121 811 1173 resteque
857 1115 974 1157 factis
1007 1112 1348 1156 benevolentiam
1386 1111 1547 1152 civium
1583 1108 1702 1150 nobis
1739 1106 1917 1148 concili·

439 1190 533 1236 andi
568 1185 863 1242 opportunitas
899 1180 1030 1222 datur.
1096 1176 1357 1232 Quicunque
1390 1176 1544 1229 igitur,
1586 1184 1694 1212 vana
1730 1172 1790 1211 sui
1825 1171 1918 1224 opi·

444 1259 572 1300 nione
606 1250 770 1301 ductus,
805 1245 1029 1301 praecipiti
1064 1241 1219 1289 iudicio
1246 1242 1345 1296 agit,
1371 1251 1560 1292 remque,
1596 1238 1662 1279 cui
1684 1238 1822 1289 impar
1847 1234 1919 1284 est,

443 1318 622 1373 suscipit,
658 1316 750 1356 iure
787 1307 1150 1366 reprehendendus
1186 1307 1280 1349 erit.
1346 1326 1448 1335 —-
1486 1302 1685 1356 inprimis
1730 1301 1811 1342 hoc
1852 1312 1920 1339 ca-

444 1386 630 1429 vendum
664 1381 719 1423 est
753 1377 951 1427 homini,
996 1372 1213 1427 quinulla
1249 1382 1427 1415 munera
1461 1367 1602 1411 civilia
1636 1370 1677 1407 in
1714 1364 1921 1420 republica

447 1448 701 1503 suscipiens,
747 1443 880 1486 studio
918 1441 1155 1481 litterarum
1192 1437 1329 1478 otium
1366 1433 1643 1477 consecrando
1678 1428 1922 1485 exquisitio·

449 1529 539 1561 rem
574 1511 809 1556 doe-*trinam
844 1506 916 1549 fibi
950 1515 1201 1559 comparare
1237 1511 1428 1542 conatur.

636 1650 835 1694 Arduum
871 1649 1035 1691 videtur
1072 1649 1113 1690 in
1148 1645 1288 1689 studiis
1323 1642 1556 1684 litterarum
1579 1632 1802 1680 excellere,
1827 1643 1924 1671 cum

453 1730 519 1765 tot
560 1718 747 1765 saecula,
799 1726 905 1768 qnae
943 1727 964 1753 a
1001 1714 1142 1766 primo
1189 1709 1451 1750 scientiarum
1505 1712 1601 1743 ortu
1638 1695 1771 1751 elapsa
1806 1697 1926 1745 sunt,

458 1785 589 1829 multa
627 1782 795 1836 quidem
834 1790 874 1820 et
910 1777 1096 1818 inlustria
1130 1774 1284 1828 ingenii
1321 1767 1497 1812 humani
1539 1772 1818 1806 monumenta
1850 1773 1927 1802 ex-

455 1852 648 1896 hibeant,
687 1846 750 1887 led
788 1856 917 1899 pauca
953 1851 1141 1888 tantum,
1179 1840 1207 1880 si
1243 1846 1435 1892 repom,
1471 1843 1628 1885 quanta
1668 1829 1824 1868 interea
1863 1826 1926 1865 vis

458 1913 720 1963 mortalium,
759 1910 877 1951 nullis
915 1908 1028 1950 finctis
1067 1915 1135 1945 aut
1172 1904 1367 1957 cogitatis
1404 1897 1455 1938 ad
1492 1895 1677 1950 posteros
1714 1901 1828 1941 nota,
1865 1891 1930 1930 vi·

459 1994 546 2025 tam
584 1977 758 2020 obituro
795 1973 955 2015 silentio
990 1971 1182 2026 posuerit.
1251 1988 1357 1999 -—-
1408 1962 1524 2004 Inter
1557 1959 1663 2014 ipsos
1699 1960 1829 1997 etiam
1865 1955 1930 1994 vie

461 2060 528 2089 ros
565 2044 692 2090 illos,
736 2041 806 2093 qui
854 2040 993 2079 varios
1028 2035 1131 2089 apud
1169 2032 1351 2088 populos
1387 2039 1429 2070 et
1464 2024 1634 2067 diuersis
1658 2017 1930 2075 'temporibus

458 2114 614 2155 litteras
651 2105 898 2154 coluerunt,
937 2105 1094 2145 rariora
1129 2098 1299 2155 insignis
1334 2093 1508 2138 alicuius
1542 2089 1755 2133 doetrinae
1783 2095 1934 2125 exem·

459 2178 522 2235 pla
557 2174 759 2218 inuenies.

1823 2250 1867 2296 M
1873 2248 1937 2293 ul·-
