2111 2828
580 143 695 196 »2³33
758 137 958 198 )223(
1021 138 1137 190 &lezu-

103 275 208 305 vero
245 261 336 303 aliis
371 258 529 302 sedibus
567 255 681 298 craffi
719 269 848 312 aeque
887 254 1091 309 longique
1124 264 1171 296 ac
1206 253 1250 293 in
1285 250 1453 307 gibbofa
1487 265 1588 307 par·

104 339 145 370 te
184 328 436 374 ventriculi,
473 337 513 366 ct
549 324 621 377 qui
659 333 744 364 tam
784 323 906 376 largis
943 335 965 362 a
1002 319 1040 360 se
1075 319 1256 361 inuicem
1295 317 1473 361 distincti
1510 317 1589 359 fint

105 392 367 442 interstitiis,
399 393 518 433 funes
555 390 848 440 inueniuntur3
888 397 1093 438 nusquam
1123 395 1208 424 tam
1231 384 1381 435 longae
1416 395 1587 437 qnoque

106 461 324 512 furtesqne
365 470 405 498 et
444 454 705 502 manifestae,
747 466 874 505 quam
913 452 954 492 in
993 449 1068 491 hac
1105 459 1249 502 parte,
1304 447 1481 489 fibrillae
1517 461 1588 501 ap-

106 537 272 579 parent.
341 523 509 565 Duabus
547 521 663 560 lineis
701 518 824 566 istae,
877 516 978 556 dum
1017 515 1139 555 funes
1189 513 1444 561 dilatantur,
1496 514 1593 554 lon-

104 593 242 644 giorcs
284 590 396 642 saepe
435 586 707 630 inueniuntur
744 581 832 638 (a).
900 580 1018 622 Alibi
1056 581 1160 622 adeo
1194 581 1342 622 crassae
1378 582 1494 628 sunt,
1544 587 1591 618 vt

104 656 283 706 ipeciem
312 654 513 694 fibrarum
536 662 633 704 prae
658 652 694 691 se
721 650 856 688 ferant
890 642 977 702 (h).
1046 643 1368 699 Superficiales,
1404 656 1511 697 quae
1532 655 1587 684 ex

104 721 282 761 alterius
319 719 501 759 fasciculi
538 715 701 758 fibrillis
736 713 776 755 in
813 711 991 754 alterum
1031 710 1253 752 manifesto
1288 710 1588 752 continuarent

103 784 338 826 fasciculum
356 815 366 833 ,
386 784 520 836 quales
559 783 600 820 in
627 777 866 820 ventriculo
896 779 1050 820 dextro
1081 777 1380 825 inueniuntur,
1407 770 1477 828 (c)
1498 786 1593 814 nus·

104 862 230 904 quam
260 854 301 893 in
333 849 492 892 sinistro
523 843 756 886 ventriculo
787 845 938 898 reperi.
1008 841 1307 883 Profundiores
1340 841 1494 893 vbique
1529 840 1594 879 in-

107 925 174 955 ter
227 915 349 956 fibras
400 912 559 957 latent,
605 912 741 964 iisque
779 908 962 949 dilatatis
998 917 1225 962 apparent,
1261 906 1441 946 fundum
1477 902 1593 957 quasi

104 980 329 1032 longorum
366 975 656 1017 interstiorum
695 973 944 1023 efficiendo,
978 973 1210 1015 interstitiis
1239 970 1334 1026 ipfis
1361 969 1410 1011 ad
1446 969 1591 1023 super-

99 1042 242 1085 ficiem
290 1053 422 1095 vsque
476 1039 665 1082 cellulosa
700 1051 744 1081 et
792 1039 914 1093 adipe
968 1039 1153 1094 repletis.
1239 1037 1449 1090 Egregiae
1504 1045 1590 1074 non

99 1109 239 1150 minus
275 1107 447 1148 fibi-illae
484 1107 598 1146 inter
633 1104 758 1146 fibras
788 1104 1068 1146 inueniuntur
1105 1110 1257 1144 teretes
1293 1110 1336 1142 et
1374 1100 1519 1153 longas
1546 1099 1590 1139 in

98 1171 317 1228 superficie
372 1170 604 1213 ventriculi
657 1169 861 1212 inferiori.
940 1168 1162 1223 Imprimis
1216 1166 1266 1207 ad
1320 1165 1456 1207 striam
1508 1165 1590 1206 fre-

102 1238 300 1292 quentius
342 1235 472 1278 fibrae
508 1249 531 1276 a
569 1234 608 1275 se
645 1244 796 1276 mutuo
834 1233 1075 1283 discedunt,
1110 1230 1417 1285 interstitiaque
1452 1227 1590 1271 effici-

97 1313 178 1343 unt
212 1302 421 1356 oblonga,
472 1298 624 1343 finffius
681 1300 811 1342 acutis
865 1303 1100 1342 terminata.
1139 1295 1212 1354 (d)
1298 1295 1411 1338 Haec
1467 1293 1590 1350 plena

100 1369 194 1408 sunt
230 1365 422 1415 fibrinis,
466 1365 591 1406 solito
628 1366 760 1407 modo
796 1364 967 1420 oblique
1011 1365 1060 1405 ab
1094 1364 1220 1405 altera
1254 1361 1359 1403 fibra
1395 1361 1444 1402 ad
1481 1359 1592 1402 alte·

100 1445 192 1474 ram
233 1429 552 1473 transeuntibus.
588 1429 778 1486 Denique
815 1432 865 1471 ad
903 1431 1066 1484 apicem
1104 1430 1146 1470 in
1183 1428 1260 1469 hac
1300 1425 1491 1469 inferiori
1527 1425 1587 1466 su-

100 1495 276 1551 perficie
311 1497 419 1538 inter
447 1494 572 1537 fibras
607 1497 787 1538 radiatas
820 1496 1059 1537 manifestae
1095 1493 1305 1537 eiusmodi
1340 1490 1512 1533 sibrillae
1547 1500 1589 1531 et

103 1563 252 1615 longae
286 1561 326 1602 in
365 1561 633 1615 conlpee'tum
664 1562 851 1602 veniunt.
924 1560 1116 1601 Rariores
1154 1561 1194 1599 in
1228 1558 1306 1599 hac
1335 1558 1426 1597 (ede
1456 1553 1586 1595 fibrae

98 1638 153 1668 ex
190 1626 263 1667 suo
311 1626 408 1667 foco
445 1626 760 1680 disperguntur,
806 1626 1120 1677 interstitiis-que
1159 1624 1471 1675 distinguuntur
1504 1618 1586 1660 lar-

99 1692 161 1746 gis
195 1690 449 1744 longisque,
503 1703 610 1745 quae
662 1701 752 1732 tota
800 1689 963 1732 fibrillts
1011 1690 1168 1744 repleta
1220 1687 1336 1735 sunt,
1387 1684 1582 1738 singulari

100 1757 232 1810 specie
268 1757 306 1797 se
340 1755 682 1809 distinguentibus
715 1751 808 1810 (e).
878 1754 1025 1795 Minus
1068 1753 1302 1807 profundae
1339 1750 1469 1791 solitis
1506 1748 1586 1791 effe

100 1822 327 1878 videntur,
362 1822 582 1877 ipsamque
630 1821 770 1877 potius
807 1832 1018 1876 occupare
1055 1817 1331 1874 superficiem.
1398 1813 1587 1857 Minime

1441 1890 1587 1922 tamen

95 1967 1590 1996 ψ

149 2039 196 2079 ga)
224 2035 309 2069 Tib.
338 2036 360 2068 1.
389 2036 442 2074 68.
473 2048 523 2080 74.

148 2090 195 2136 (5⁴1)
221 2090 306 2124 Tab.
335 2093 356 2125 l.
385 2103 436 2134 77.

149 2155 201 2197 (c)
228 2151 313 2185 Tab.
345 2154 365 2185 l.
394 2163 439 2195 14.
469 2164 515 2195 14.

145 2212 209 2257 (d)
239 2211 323 2245 Tab.
352 2213 404 2244 Ill.
434 2223 486 2246 20.
516 2223 568 2247 20.
596 2223 639 2247 21.

146 2272 199 2318 (e)
229 2270 314 2307 Tab.
341 2273 396 2306 ΠΙ.
423 2282 472 2314 37.
