2111 2828
597 140 713 191 ”32³3ss
780 134 975 193 )157(
1043 135 1160 188 &203⁴-

317 257 348 306 §
391 267 463 305 17.
531 252 717 310 Quando
771 264 911 294 autem
963 251 1070 295 funis
1123 249 1292 304 corpori
1334 247 1619 302 cuiuscunque

130 323 286 378 figurae
323 321 692 376 circumplicatur,
745 321 859 359 cuins
895 319 1066 371 quidem
1109 315 1341 368 superficies
1395 315 1440 355 sit
1489 314 1621 355 laeui-

132 404 252 446 gata,
305 390 411 430 funis
467 390 601 428 tensus
651 390 770 438 {uper
815 397 858 424 ea
893 384 941 422 ad
977 382 1101 422 aliam
1141 380 1320 433 figuram
1362 381 1398 421 se
1443 391 1621 435 compo-

133 469 227 499 nere
283 454 454 507 nequit,
507 453 579 493 nisi
616 462 719 506 quae
757 449 803 488 fit
840 447 1076 487 breuissima
1113 445 1222 484 inter
1257 445 1350 485 suos
1398 447 1620 487 terminos.

134 521 204 563 Ne
258 522 381 575 igitur
433 531 537 571 opus
572 517 620 557 sst
671 515 776 554 hane
826 511 1129 552 limitationem
1169 510 1425 564 adiungere,
1461 523 1525 551 res
1564 511 1622 549 ita

135 588 300 640 concipi
339 584 494 639 potest,
527 579 637 635 quasi
674 578 784 617 funis
821 589 895 630 per
932 576 1121 616 canalem
1165 577 1206 615 in
1244 574 1458 630 superficie
1495 588 1623 616 exca-

137 662 282 692 vatum
323 648 721 691 circumduceretur,
772 643 839 682 cui
878 641 1055 695 proinde
1106 640 1279 693 figuram
1334 652 1624 694 quamcunque

139 717 318 758 tribuere
372 711 527 754 licebit.
614 709 832 750 Praeterea
885 719 988 748 vero
1026 707 1052 747 fi
1091 717 1202 747 totns
1248 707 1357 749 funis
1394 707 1434 748 in
1472 708 1621 747 eodem

139 782 261 838 plano
297 780 394 821 effet
431 777 682 834 applicatus,
720 782 807 814 tum
840 764 1054 832 [43:03
1089 771 1321 826 designaret
1376 770 1624 826 amplitudi-

139 877 234 907 nem
271 874 424 904 curuae
462 874 484 901 a
520 860 616 900 fune
667 857 888 899 formatae.
972 862 1023 899 At
1059 859 1085 899 fi
1122 856 1236 898 funis-
1267 869 1350 898 non
1389 859 1431 898 in
1470 857 1624 898 eodem

140 931 267 984 plano
303 925 562 980 applicetur,
613 925 704 966 idea
756 923 1047 978 amplitudinis
1100 922 1425 976 quodammodo
1471 922 1629 981 cessat:

138 993 307 1034 interim
346 1002 487 1032 tamen
521 986 563 1041 Φ
598 987 815 1032 denotabit
869 989 1079 1031 summam
1137 989 1332 1028 omnium
1372 988 1626 1042 angulorum

137 1057 455 1100 elementarium
492 1047 544 1114 ἐξ,
584 1054 745 1096 etiamsi
785 1067 867 1095 non
895 1056 935 1094 in
964 1056 1071 1095 idem
1112 1053 1278 1107 planum
1313 1054 1473 1094 cadant.
1516 1049 1626 1093 Cae·-

137 1150 276 1181 terum
313 1138 411 1179 hinc
451 1146 570 1190 patet
600 1146 646 1176 vt
683 1144 804 1183 ante,
839 1135 867 1175 si
901 1136 977 1175 λΠ
1006 1143 1140 1174 totum
1179 1128 1379 1171 effec'tum
1417 1128 1629 1170 frictionis

138 1205 309 1247 denotet
360 1201 549 1256 pressioni
587 1204 623 1241 Π
665 1199 1007 1252 respondentem,
1060 1209 1148 1237 tum
1189 1194 1491 1250 aequilibrium
1539 1203 1629 1233 tam

140 1271 208 1310 diu
247 1268 455 1310 subsistere
507 1267 643 1321 poste,
696 1265 897 1317 quamdiu
934 1264 995 1306 vis
1040 1263 1218 1305 tendens*
1265 1261 1404 1303 maier
1448 1258 1497 1301 M
1539 1269 1630 1300 non

144 1335 285 1376 maior
311 1332 435 1376 fuerit
468 1343 597 1388 quam
633 1329 674 1373 N
699 1322 773 1372 em.
1236 1343 1240 1348 ’

332 1468 367 1517 ξ.
407 1474 476 1512 18.
545 1467 714 1513 Solutio
766 1481 911 1513 autem
964 1479 1057 1513 tum
1111 1478 1276 1514 tantum
1315 1479 1401 1513 tam
1447 1469 1632 1526 fimplex

144 1532 304 1581 euadit,
356 1537 523 1587 quando
557 1536 669 1576 vires
706 1536 973 1578 sollicitantes
1008 1536 1102 1577 sunt
1139 1538 1207 1579 vel
1243 1536 1520 1591 tangentiales
1559 1533 1637 1574 vel-

145 1599 369 1639 normales.
439 1599 625 1654 Quando
659 1611 799 1641 nutem
839 1602 914 1642 hae
953 1613 1065 1641 vires
1101 1601 1331 1642 secundum
1375 1598 1628 1641 directiones

146 1673 365 1704 ternorum
420 1666 564 1705 axium
605 1663 732 1713 OA,
771 1663 893 1712 ΟΒ,
931 1661 1031 1705 OC
1069 1677 1216 1719 agunt,
1251 1679 1348 1719 quas
1388 1665 1536 1707 litteris
1574 1662 1635 1714 P,

148 1728 214 1783 Q,
253 1727 286 1767 R
340 1728 638 1780 indicauimus,
689 1731 747 1770 ita
784 1743 829 1770 vt
872 1745 942 1771 eae
996 1731 1073 1770 sint
1128 1731 1358 1772 func'tiones
1411 1740 1629 1770 ternarum

147 1787 489 1835 coordina'tarum
526 1805 569 1843 x,
590 1807 639 1845 y,
676 1806 726 1843 z3
761 1804 847 1835 tum
878 1794 1141 1847 inuestigatio
1177 1808 1350 1842 curuae,
1387 1808 1516 1848 quam
1554 1793 1632 1834 liae

146 1859 255 1899 vires
292 1857 365 1898 filo
401 1858 532 1900 flexili
568 1859 790 1908 inducent,
828 1859 967 1900 multo
1004 1860 1154 1900 maiori
1192 1860 1356 1901 laborat
1408 1857 1634 1901 difficulta-

150 1934 217 1971 te,
267 1925 467 1976 qnoniam
518 1924 788 1978 aequationes
833 1925 985 1980 primo-
1010 1926 1203 1966 inuentas
1241 1940 1263 1964 a
1297 1924 1489 1965 formulis
1525 1928 1635 1964 inte-

148 1987 332 2043 gralibus
384 1987 553 2031 liberari
583 1985 788 2044 'oporten
876 1990 1056 2031 Interim
1111 2000 1250 2030 tamen
1287 1988 1532 2029 adhibendis
1572 1989 1633 2027 (e-

149 2052 371 2105 quentibus
407 2052 591 2095 artificiis
641 2056 857 2108 negotium
902 2045 1056 2096 confici
1093 2056 1184 2096 satis
1229 2054 1454 2094 commode
1509 2063 1636 2106 pote-r

149 2119 229 2165 rit,
269 2118 338 2160 vbi
372 2119 545 2174 quidem
581 2121 826 2165 etiamnunc
879 2131 1070 2164 mentem
1106 2122 1157 2164 ab
1194 2119 1441 2162 elasticitate
1485 2117 1634 2161 abstra-

149 2183 308 2226 himus.

903 2260 952 2303 V
987 2275 1013 2315 3
1487 2263 1524 2316 ς.
1565 2271 1637 2311 19.
