2111 2828
948 168 1066 221 »sas
1130 164 1146 222 )
1186 178 1273 209 1¹2
1308 165 1322 223 (
1358 170 1473 220 ssa·-

475 296 686 338 vtcunque
722 279 1056 333 inaequabilem,
1091 281 1149 322 ita
1185 291 1326 323 tamen
1364 289 1410 320 vt
1444 290 1634 324 centrum
1675 281 1845 326 inertiae
1877 296 1943 326 ca-

471 355 535 392 dat
562 351 601 388 in
629 359 822 389 centrum
855 345 1030 400 figurae:
1063 347 1229 400 hocque
1268 347 1391 400 pasto
1428 349 1583 389 neceffe
1619 352 1697 391 erit
1731 351 1773 389 in
1810 348 1942 402 globo

472 427 613 456 ternos
649 425 746 455 axes
784 412 1036 466 principales
1074 412 1347 460 considerari,
1383 411 1455 464 qui
1481 423 1534 451 ex
1565 425 1709 456 centro
1735 413 1752 454 1
1779 414 1944 468 pertin·

467 490 566 534 gant
601 481 641 520 in
679 478 829 533 puncta
863 475 929 524 A,
963 476 1023 525 B,
1067 474 1128 525 C,
1179 475 1476 529 quadrantibus
1511 490 1532 517 a
1568 476 1603 517 se
1639 479 1820 520 inuicem
1858 478 1943 517 dis-

468 547 623 593 tantia,
679 555 861 596 quorum
916 542 1099 594 respectu
1152 541 1230 582 sint
1282 550 1502 583 momenta
1555 541 1727 582 inertiae
1777 543 1942 591 Μαα,

468 609 516 650 Μ
538 608 628 659 bb,
663 605 708 649 Μ
730 620 802 650 cc.
874 605 1129 661 Quanquam
1167 617 1306 648 autem
1344 606 1542 659 deinceps
1578 605 1673 649 bina
1700 605 1769 646 vel
1802 608 1944 648 omnia

467 674 572 716 hacc
609 683 829 715 momenta
867 674 978 712 inter
1016 672 1053 712 se
1090 672 1277 724 aequalia
1316 672 1562 719 statuemus,
1614 682 1754 714 tamen
1792 682 1945 711 conue-

469 742 556 782 niet
593 741 672 781 tria
708 737 952 779 huiusmodi
988 736 1141 790 puncta
1177 737 1217 775 in
1257 734 1470 788 superficie
1505 734 1591 776 fixa
1628 735 1806 784 notasse,
1860 747 1944 788 quo

464 817 518 846 cx
555 815 705 845 eorum
745 801 949 844 relatione
985 801 1033 841 ad
1071 801 1250 854 spatium
1303 799 1535 841 absolutum
1591 801 1751 843 fitcilius
1803 810 1946 841 motus

462 869 577 923 globi
613 867 778 910 definiri
833 866 964 921 poffit.
1056 863 1304 907 Constitutis
1342 874 1482 906 autem
1519 865 1561 905 in
1597 865 1733 919 globis
1770 864 1833 905 his
1870 867 1944 907 tri-

462 935 536 975 bus
571 933 734 987 punctis
771 931 841 984 A,
878 930 936 980 B,
971 927 1032 979 C,
1067 931 1262 984 quoniam
1303 940 1440 970 motus
1475 931 1706 983 gyrationis
1742 929 1850 970 circa
1889 926 1946 978 O,

461 1011 587 1052 quem
617 999 657 1038 in
696 998 856 1051 plagam
883 995 956 1036 Tc
982 996 1105 1048 dirigi
1141 996 1416 1041 assumimus,
1449 992 1606 1034 sensum
1636 994 1762 1036 habet
1788 990 1949 1044 CBA,

460 1063 722 1104 contrarium
777 1061 814 1099 ei
861 1071 988 1111 quem
1027 1059 1148 1112 supra
1186 1059 1419 1109 statuimus,
1471 1057 1513 1097 in
1547 1059 1827 1113 applicatione
1862 1058 1947 1098 for-

461 1126 671 1168 mularum
710 1123 970 1179 generalium
1010 1123 1057 1162 ad
1098 1122 1208 1162 hunc
1262 1121 1400 1162 casum
1456 1121 1719 1164 celeritatem
1772 1121 1948 1173 angula-

459 1205 550 1233 rem
590 1203 614 1230 3
649 1200 695 1231 vt
732 1189 970 1243 negatiuam
1009 1187 1190 1241 spectare
1225 1187 1447 1228 debemus,

977 1314 1273 1375 Problema
1318 1318 1392 1377 II.

645 1422 678 1470 ξ.
722 1432 761 1473 7.
829 1419 879 1463 Si
929 1419 1070 1475 globus
1112 1420 1237 1474 super
1281 1419 1394 1473 plano
1446 1414 1686 1458 horizonta&
1738 1425 1940 1470 vta-unque

454 1492 682 1534 moueatur,
733 1487 899 1539 definire
935 1487 1070 1533 vires,
1116 1483 1261 1539 quibus
1288 1482 1560 1536 sollicitatur,
1614 1492 1826 1536 earumque
1863 1493 1940 1522 mo-

458 1560 590 1591 menta
626 1550 800 1606 respetlu
836 1562 1043 1593 ternorum
1077 1551 1214 1590 axium
1247 1547 1530 1603 principalium
1566 1546 1681 1600 globi.

1039 1666 1349 1726 Solutio.

272 1788 359 1823 Tab.
387 1788 441 1823 lV.
632 1772 814 1815 Inclusus
842 1771 1105 1824 concipiatur
1125 1771 1272 1823 globus
1292 1769 1500 1822 sphaerae
1521 1767 1583 1808 vel
1607 1765 1714 1807 fixae
1741 1769 1811 1809 vel
1840 1781 1937 1809 cum

271 1838 341 1887 fig.
369 1849 397 1873 2·
461 1852 511 1881 eo
549 1852 690 1893 parem
724 1849 886 1879 motum
925 1836 1225 1890 progressiuum
1265 1833 1457 1881 habenti,
1497 1834 1644 1885 inqu-1
1671 1831 1707 1872 Z
1733 1832 1780 1872 sit
1817 1846 1941 1887 punc-

463 1914 557 1945 tum
612 1903 815 1944 verticale
869 1902 1041 1953 eiusque
1093 1900 1333 1952 oppofitum
1370 1898 1414 1938 T
1451 1900 1654 1951 punc‘tnm
1693 1899 1940 1947 contactus,

460 1967 555 2011 DE
592 1980 693 2009 vero
730 1967 776 2008 fit
813 1967 1020 2007 diameter
1065 1964 1340 2005 horizontalis
1379 1965 1425 2004 ad
1472 1974 1627 2003 certam
1669 1963 1813 2002 mundi
1848 1963 1936 2017 pla-

457 2046 552 2086 gam
604 2034 773 2076 tcndens
819 2042 860 2072 et
898 2029 988 2071 DP
1011 2028 1111 2084 QE
1148 2030 1325 2071 circulus
1379 2030 1589 2068 maximus
1614 2040 1618 2044 ’
1642 2026 1931 2068 horizontalis.

460 2097 589 2138 Nunc
642 2109 782 2139 autem
837 2096 977 2151 elapso
1030 2105 1221 2147 tempore
1270 2101 1286 2135 t
1347 2104 1565 2135 moueatur
1621 2092 1766 2145 globus
1810 2102 1933 2131 motu

462 2164 719 2215 progreffiuo
758 2162 976 2203 secundum
1016 2160 1290 2200 directionem
1326 2159 1391 2199 Pl
1430 2157 1644 2199 celeritate
1679 2167 1804 2203 zv,
1857 2169 1935 2208 po·

463 2238 664 2281 naturque
699 2239 818 2269 arcus
854 2225 967 2278 DP,
1002 2226 1065 2267 seu
1103 2225 1277 2280 angulus
1314 2223 1353 2266 D
1375 2222 1526 2265 ZP:
1548 2226 1607 2279 φ·,
1656 2231 1751 2261 axes
1789 2230 1931 2260 autem

1818 2295 1936 2339 prin-
