2111 2828
906 140 1023 194 »2³23
1084 138 1282 198 )228(
1346 147 1463 197 &1⁰3⁴-

453 266 496 307 in
525 256 727 314 superficie
755 254 892 298 cordis
918 254 1106 298 inferiori
1131 270 1156 298 a
1181 256 1396 311 principio
1422 255 1483 297 fili
1503 252 1764 313 'cartilaginei
1794 259 1924 315 postess

452 330 574 370 rim-is
595 322 752 363 sinistri.
787 319 857 375 (α)
895 319 1208 376 Sequiturinde
1228 321 1543 364 dustumhuius
1563 323 1623 364 fili
1652 324 1926 370 finistrorsum

453 392 502 432 ad
539 388 776 440 marginem
813 397 941 440 vsque
975 386 1090 441 (ὁ),
1134 388 1361 430 continuat
1397 389 1439 429 in
1481 388 1680 443 superiori
1717 388 1929 442 superficie

454 467 527 510 per
563 452 691 497 filum]
717 451 1040 504 cartilagineum
1070 452 1277 493 sinistrum
1306 453 1491 495 anterius
1528 455 1606 504 (c)
1643 455 1689 494 ad
1722 454 1929 495 nudulum

453 531 586 571 Vsque
624 518 825 559 sinistrum
862 515 966 570 (cl),
1002 526 1139 559 totam
1174 518 1226 559 fic
1263 517 1373 561 basm
1408 518 1632 559 ventriculi
1677 518 1932 563 ambeundo.

445 583 568 625 Hinc
606 596 735 637 porro
769 583 818 622 ad
856 582 965 624 basin
1016 594 1159 623 aortae
1213 582 1324 623 linea
1376 594 1492 624 ortus
1541 582 1739 624 fibrarum
1794 583 1934 625 transit

457 650 558 701 (e),
611 649 781 701 eiusque
815 646 1031 689 dimidiam
1078 658 1241 702 partem
1277 648 1477 691 finistram
1513 646 1593 702 (f)
1637 649 1680 689 in
1718 647 1934 702 superficie

458 714 659 755 anteriori
695 723 892 767 occupat.
958 711 1081 754 Solae
1131 713 1303 764 quidem
1362 713 1548 766 superius
1600 711 1734 754 dictae
1771 713 1936 754 colum-

458 792 538 820 nae
573 779 646 832 (g)
683 787 744 828 et,
781 790 886 831 quae
921 777 1083 819 foueam
1121 775 1332 830 efficiunt,
1384 777 1513 819 fibrae
1547 775 1617 831 (h)
1653 792 1679 818 a
1711 778 1791 820 bafi
1843 791 1937 820 aor-

459 855 526 886 tae
561 847 758 887 oriuntur
795 843 834 883 in
872 841 955 883 hoc
991 842 1143 891 corde,
1194 854 1297 896 quae
1329 841 1461 896 ipsae,
1515 842 1556 882 in
1599 854 1768 885 crenam
1807 845 1937 885 inser-

460 920 555 960 tae,
615 909 666 949 ad
717 908 1052 950 contractionem
1090 906 1317 948 ventriculi
1361 907 1437 948 vix
1475 906 1700 960 quidquam
1741 909 1936 950 conferre

459 975 654 1030 possunt,
711 986 845 1027 neque
882 974 923 1015 in
962 972 1222 1028 superficiem
1278 972 1536 1026 superiorem
1589 971 1814 1013 transeunt.
1886 973 1938 1014 In

461 1039 547 1080 alio
599 1048 742 1078 tamen
792 1038 943 1088 corde,
996 1037 1070 1079 vbi
1123 1037 1338 1079 dexterius
1392 1036 1589 1079 columna
1624 1051 1646 1077 a
1682 1038 1761 1078 bafi
1796 1049 1938 1079 aortae

459 1102 698 1152 oriebatur,
751 1102 980 1144 notabilem
1033 1101 1272 1143 fasciculum
1326 1101 1525 1143 fibrarum
1562 1116 1585 1143 a
1617 1110 1731 1156 parte
1782 1101 1939 1142 sinistra

462 1168 566 1209 bafis
602 1177 743 1208 aortae
779 1167 907 1217 oriri,
942 1169 985 1210 in
1019 1165 1273 1222 superficiem
1311 1167 1571 1221 superiorem
1606 1165 1828 1209 ventriculi
1867 1167 1939 1208 de-

452 1234 678 1281 scendere,
712 1231 916 1286 fibrasque
959 1232 1047 1272 suas
1082 1232 1332 1287 producere,
1367 1232 1467 1273 vidi.
1535 1230 1656 1272 Haud
1693 1231 1801 1271 solae
1837 1243 1941 1283 ergo

461 1298 684 1340 columnae
708 1295 862 1348 fibrae,
897 1308 971 1339 aut
995 1309 1101 1350 quac
1133 1296 1302 1337 foveam
1325 1294 1537 1352 efficiunt,
1571 1296 1637 1338 sed
1673 1294 1814 1336 solitae
1838 1307 1942 1347 quo-

463 1375 548 1417 que
586 1374 790 1404 externae
828 1361 1053 1405 ventriculi
1088 1362 1258 1410 sinistri,
1310 1363 1468 1416 saepius
1504 1373 1526 1400 a
1559 1358 1642 1401 basi
1679 1369 1820 1400 aortae
1853 1359 1941 1400 ori-

462 1439 600 1470 untur.
669 1427 715 1470 In
754 1429 888 1469 media
936 1427 1014 1469 hac
1066 1437 1185 1482 parte
1219 1425 1320 1468 basis
1353 1434 1497 1466 aortae
1531 1424 1638 1465 linea
1672 1433 1790 1465 ortus
1828 1422 1942 1479 quast

463 1494 700 1547 interrupta
733 1494 810 1534 esse
846 1494 1036 1544 videtur;
1071 1504 1164 1535 cum
1202 1506 1225 1534 a
1261 1503 1410 1533 crenae
1446 1489 1658 1545 principio
1702 1500 1836 1538 nunc,
1874 1490 1943 1541 (i)

461 1567 633 1601 remoto
666 1571 689 1599 a
723 1557 804 1600 bafi
837 1569 981 1601 aortae
1017 1557 1106 1613 (k),
1141 1555 1268 1600 fibrae
1304 1555 1408 1598 oriri
1440 1554 1677 1612 incipiant,
1711 1554 1941 1597 interstitio

1867 1618 1944 1666 (a)

514 1752 576 1796 (α)
604 1752 688 1786 Tab.
716 1754 768 1785 111.
799 1754 830 1786 B.

515 1816 571 1860 (b)
601 1813 686 1848 Tab.
715 1814 766 1845 111.
794 1812 831 1844 A.

513 1870 555 1913 (c)
584 1869 668 1902 Tab.
700 1868 737 1899 11.
766 1865 801 1898 Y.

513 1922 570 1966 (d)
598 1922 683 1954 Tab.
713 1921 749 1953 11.
778 1930 807 1959 3.

511 1980 566 2023 (e)
595 1978 679 2012 Tab.
710 1978 747 2010 11.
775 1976 816 2009 D.

510 2037 565 2083 (J)
593 2035 676 2069 Tab.
707 2035 743 2067 11.
771 2034 812 2067 D.
838 2032 872 2065 B.

510 2096 568 2140 (g)
596 2092 679 2126 Tab.
710 2093 746 2124 ll.
776 2102 805 2132 γ.

511 2152 573 2195 (h)
602 2150 685 2183 'rau
716 2151 752 2182 11.
782 2153 811 2187 g.

509 2211 561 2253 (i)
589 2208 671 2240 Τὼ.
701 2208 737 2238 11.
767 2207 788 2237 1.
840 2202 924 2236 Τὼ.
953 2202 976 2237 1.
1001 2201 1043 2237 D.

509 2265 563 2310 (k)
592 2265 675 2299 Ταῦ.
704 2264 740 2297 11.
770 2263 802 2297 B.
830 2263 872 2297 D.
