2111 2828
597 135 713 188 ”2253
778 129 794 189 )
833 144 917 184 231
957 130 973 191 (
1007 134 1122 187 2:23<-

244 255 900 334 MALVACEI
957 257 1469 337 ORDINIS

365 387 685 441 PLANTAE
718 387 961 438 NOVAE
996 389 1341 445 HYssmDAE.

763 550 953 592 Austore

527 644 575 701 J.
610 646 657 689 T.
691 646 1178 692 KOELREVTER.

108 1010 369 1136 Speciosa,
423 1092 532 1134 quae
578 1080 620 1123 in
663 1081 746 1123 hoc
783 1081 934 1123 ordine
972 1082 1088 1139 saepe
1121 1085 1317 1137 occurrit,
1353 1085 1591 1141 plantarum

108 1145 250 1199 facies,
286 1147 529 1200 florumque
567 1158 848 1201 peramoenus
885 1147 1003 1189 color
1038 1160 1165 1201 atque
1185 1151 1400 1192 excellens
1430 1157 1595 1208 magni-

109 1213 229 1263 tudo,
265 1211 553 1264 struffiuraque
590 1209 775 1263 ipsorum
800 1239 810 1257 ‚
847 1211 895 1250 ad
929 1215 1221 1265 experimenta
1259 1217 1300 1256 in
1337 1217 1393 1256 eis
1430 1221 1596 1273 capien-

111 1279 161 1318 da
198 1279 381 1318 maxime
418 1276 566 1317 idonea
588 1307 598 1325 ‚
633 1286 713 1327 qua
751 1274 966 1316 mediante
1001 1277 1252 1319 castratione
1279 1280 1481 1325 laboriosa
1508 1297 1594 1325 non

111 1355 206 1383 raro
242 1341 500 1394 supersedere
536 1338 656 1389 plane
691 1340 924 1392 postu-mus,
966 1353 1033 1383 me
1070 1344 1127 1383 ita
1160 1345 1412 1395 inuitarunt,
1437 1359 1481 1387 vt
1503 1349 1594 1403 plu-

110 1418 180 1446 res
227 1404 436 1445 eiusmodi
474 1402 668 1455 hybridas
707 1406 962 1446 tentauerim
1000 1408 1202 1460 copulas,
1256 1422 1383 1462 quam
1419 1425 1593 1455 euentus

111 1482 250 1511 earum
291 1467 514 1521 faepiffime
549 1467 796 1526 frustrane-us
831 1469 931 1510 ahas
970 1471 1077 1512 m1hi
1109 1473 1296 1515 suafiffet.
1371 1476 1592 1520 Maximus

112 1537 205 1574 sane
244 1535 390 1574 harum
429 1532 484 1572 cst
519 1546 734 1582 numerus,
780 1533 948 1575 illarum
988 1547 1108 1586 vero,
1145 1550 1249 1589 quae
1287 1551 1479 1594 optatum
1520 1543 1592 1584 ha-

115 1601 290 1641 buerunt
328 1598 570 1643 successum,
607 1597 801 1651 exempla
837 1599 894 1638 sat
931 1611 1077 1652 pauca.
1148 1600 1361 1654 Vtrasque
1395 1617 1489 1647 cum
1520 1606 1593 1649 be·

110 1663 266 1705 neuolo
300 1661 454 1705 leeftore
490 1664 531 1703 in
569 1662 757 1716 sequenti
793 1659 1002 1718 Catalogo
1040 1667 1382 1713 communicabo,

752 1781 880 1825 EXP.
916 1784 948 1827 Ι.

486 1871 804 1915 Lavat.triloha
841 1875 885 1924 ῼ.

485 1936 631 1978 Lavat.
681 1938 786 1980 olbia
827 1938 884 1981 0⁷¹.

303 1996 389 2040 An.
433 2007 567 2049 1765.
602 2003 642 2042 d.
686 2012 738 2044 ιο
778 2014 820 2044 et
864 2014 934 2052 17.
969 2002 1049 2049 Iul.
1086 2005 1194 2049 Flor,
1236 2018 1278 2056 3.

222 2063 266 2105 it.
299 2062 389 2104 An.
429 2076 563 2112 1772.
599 2072 636 2113 d,
679 2079 750 2118 ¹7·
789 2069 864 2111 lul.
900 2068 1013 2112 Flor.
1051 2082 1092 2121 3.

491 2128 592 2174 Vm.
627 2131 739 2190 Exp,
775 2135 924 2180 inuers.
957 2134 1010 2179 11.

802 2229 860 2272 Ii
897 2243 923 2270 2
1497 2227 1587 2272 De·
