<?xml version="1.0" encoding="UTF-8"?>
<!DOCTYPE html PUBLIC "-//W3C//DTD XHTML 1.0 Transitional//EN"
    "http://www.w3.org/TR/xhtml1/DTD/xhtml1-transitional.dtd">
<html xmlns="http://www.w3.org/1999/xhtml" xml:lang="en" lang="en">
 <head>
  <title>
</title>
<meta http-equiv="Content-Type" content="text/html;charset=utf-8" />
  <meta name='ocr-system' content='tesseract 3.04.00' />
  <meta name='ocr-capabilities' content='ocr_page ocr_carea ocr_par ocr_line ocrx_word'/>
</head>
<body>
  <div class='ocr_page' id='page_1' title='image "./actaacademiae82impe/actaacademiae82impe_0272.png"; bbox 0 0 2111 2828; ppageno 0'>
   <div class='ocr_carea' id='block_1_1' title="bbox 890 150 1506 211">
    <p class='ocr_par' dir='ltr' id='par_1_1' title="bbox 890 150 1506 211">
     <span class='ocr_line' id='line_1_1' title="bbox 890 150 1506 211; baseline 0.005 -7"><span class='ocrx_word' id='word_1_1' title='bbox 890 152 1008 205; x_wconf 48' lang='lat' dir='ltr'>»²⁶03ss</span> <span class='ocrx_word' id='word_1_2' title='bbox 1075 150 1277 211; x_wconf 54' lang='grc' dir='ltr'>μή(</span> <span class='ocrx_word' id='word_1_3' title='bbox 1337 156 1454 207; x_wconf 58' lang='lat' dir='ltr'>&amp;teau</span> <span class='ocrx_word' id='word_1_4' title='bbox 1503 161 1506 163; x_wconf 60' lang='grc'>“</span> 
     </span>
    </p>
   </div>
   <div class='ocr_carea' id='block_1_2' title="bbox 437 263 1927 1937">
    <p class='ocr_par' dir='ltr' id='par_1_2' title="bbox 437 263 1925 1878">
     <span class='ocr_line' id='line_1_2' title="bbox 439 263 1908 328; baseline 0 -13"><span class='ocrx_word' id='word_1_5' title='bbox 439 284 501 316; x_wconf 81' lang='lat' dir='ltr'>ter</span> <span class='ocrx_word' id='word_1_6' title='bbox 534 269 746 313; x_wconf 83' lang='lat' dir='ltr'>differunt.</span> <span class='ocrx_word' id='word_1_7' title='bbox 816 263 862 308; x_wconf 83' lang='lat' dir='ltr'>A</span> <span class='ocrx_word' id='word_1_8' title='bbox 898 263 1069 309; x_wconf 79' lang='lat' dir='ltr'>Lowero</span> <span class='ocrx_word' id='word_1_9' title='bbox 1118 265 1222 309; x_wconf 81' lang='lat' dir='ltr'>haec</span> <span class='ocrx_word' id='word_1_10' title='bbox 1277 267 1361 310; x_wconf 81' lang='lat' dir='ltr'>iam</span> <span class='ocrx_word' id='word_1_11' title='bbox 1415 267 1633 323; x_wconf 85' lang='lat' dir='ltr'>dispofitio</span> <span class='ocrx_word' id='word_1_12' title='bbox 1684 267 1908 328; x_wconf 77' lang='lat' dir='ltr'>fibrarum,</span> 
     </span>
     <span class='ocr_line' id='line_1_3' title="bbox 438 333 1911 388; baseline -0.001 -9"><span class='ocrx_word' id='word_1_13' title='bbox 438 336 544 379; x_wconf 76' lang='lat' dir='ltr'>haud</span> <span class='ocrx_word' id='word_1_14' title='bbox 583 333 674 374; x_wconf 74' lang='lat' dir='ltr'>satis</span> <span class='ocrx_word' id='word_1_15' title='bbox 710 341 896 373; x_wconf 82' lang='lat' dir='ltr'>accurate</span> <span class='ocrx_word' id='word_1_16' title='bbox 933 342 1097 382; x_wconf 83' lang='lat' dir='ltr'>tamen,</span> <span class='ocrx_word' id='word_1_17' title='bbox 1150 343 1291 377; x_wconf 78' lang='lat' dir='ltr'>notata</span> <span class='ocrx_word' id='word_1_18' title='bbox 1327 343 1370 375; x_wconf 81' lang='lat' dir='ltr'>et</span> <span class='ocrx_word' id='word_1_19' title='bbox 1406 334 1516 388; x_wconf 69' lang='lat' dir='ltr'>pic&#39;ta</span> <span class='ocrx_word' id='word_1_20' title='bbox 1553 335 1697 377; x_wconf 77' lang='lat' dir='ltr'>exstat.</span> <span class='ocrx_word' id='word_1_21' title='bbox 1762 335 1804 376; x_wconf 89' lang='lat' dir='ltr'><strong>A</strong></span> <span class='ocrx_word' id='word_1_22' title='bbox 1836 336 1911 378; x_wconf 87' lang='lat' dir='ltr'>Se-</span> 
     </span>
     <span class='ocr_line' id='line_1_4' title="bbox 440 397 1912 452; baseline 0.001 -12"><span class='ocrx_word' id='word_1_23' title='bbox 440 412 531 442; x_wconf 70' lang='lat' dir='ltr'>nam</span> <span class='ocrx_word' id='word_1_24' title='bbox 581 398 722 440; x_wconf 77' lang='lat' dir='ltr'>eadem</span> <span class='ocrx_word' id='word_1_25' title='bbox 778 397 984 452; x_wconf 82' lang='lat' dir='ltr'>descripta</span> <span class='ocrx_word' id='word_1_26' title='bbox 1039 397 1233 446; x_wconf 77' lang='lat' dir='ltr'>traditur.</span> <span class='ocrx_word' id='word_1_27' title='bbox 1300 399 1470 442; x_wconf 83' lang='lat' dir='ltr'>Stellam</span> <span class='ocrx_word' id='word_1_28' title='bbox 1517 398 1586 441; x_wconf 90' lang='lat' dir='ltr'>hic</span> <span class='ocrx_word' id='word_1_29' title='bbox 1620 399 1705 444; x_wconf 85' lang='lat' dir='ltr'>Vir</span> <span class='ocrx_word' id='word_1_30' title='bbox 1739 400 1912 442; x_wconf 78' lang='lat' dir='ltr'>Illussris</span> 
     </span>
     <span class='ocr_line' id='line_1_5' title="bbox 437 462 1914 518; baseline 0.001 -13"><span class='ocrx_word' id='word_1_31' title='bbox 437 472 587 513; x_wconf 76' lang='lat' dir='ltr'>vocat,</span> <span class='ocrx_word' id='word_1_32' title='bbox 623 465 663 504; x_wconf 88' lang='lat' dir='ltr'>in</span> <span class='ocrx_word' id='word_1_33' title='bbox 700 462 789 518; x_wconf 87' lang='lat' dir='ltr'>ipso</span> <span class='ocrx_word' id='word_1_34' title='bbox 821 463 1048 504; x_wconf 84' lang='lat' dir='ltr'>ventriculi</span> <span class='ocrx_word' id='word_1_35' title='bbox 1083 464 1224 518; x_wconf 79' lang='lat' dir='ltr'>apice,</span> <span class='ocrx_word' id='word_1_36' title='bbox 1257 463 1298 504; x_wconf 88' lang='lat' dir='ltr'>in</span> <span class='ocrx_word' id='word_1_37' title='bbox 1336 464 1498 506; x_wconf 82' lang='lat' dir='ltr'>interna</span> <span class='ocrx_word' id='word_1_38' title='bbox 1534 466 1617 507; x_wconf 88' lang='lat' dir='ltr'>eius</span> <span class='ocrx_word' id='word_1_39' title='bbox 1654 479 1737 508; x_wconf 87' lang='lat' dir='ltr'>non</span> <span class='ocrx_word' id='word_1_40' title='bbox 1774 468 1914 508; x_wconf 83' lang='lat' dir='ltr'>minus</span> 
     </span>
     <span class='ocr_line' id='line_1_6' title="bbox 439 527 1915 585; baseline 0.002 -16"><span class='ocrx_word' id='word_1_41' title='bbox 439 542 568 584; x_wconf 78' lang='lat' dir='ltr'>qnam</span> <span class='ocrx_word' id='word_1_42' title='bbox 606 540 782 568; x_wconf 74' lang='lat' dir='ltr'>externa</span> <span class='ocrx_word' id='word_1_43' title='bbox 817 527 1032 582; x_wconf 89' lang='lat' dir='ltr'>superficie</span> <span class='ocrx_word' id='word_1_44' title='bbox 1069 540 1367 582; x_wconf 76' lang='lat' dir='ltr'><strong>apparentem,</strong></span> <span class='ocrx_word' id='word_1_45' title='bbox 1420 530 1545 572; x_wconf 82' lang='lat' dir='ltr'>radiis</span> <span class='ocrx_word' id='word_1_46' title='bbox 1583 531 1782 585; x_wconf 86' lang='lat' dir='ltr'>insignem</span> <span class='ocrx_word' id='word_1_47' title='bbox 1819 544 1915 572; x_wconf 85' lang='lat' dir='ltr'>cur·</span> 
     </span>
     <span class='ocr_line' id='line_1_7' title="bbox 440 593 1913 650; baseline 0.001 -15"><span class='ocrx_word' id='word_1_48' title='bbox 440 594 561 635; x_wconf 75' lang='lat' dir='ltr'>vatis.</span> <span class='ocrx_word' id='word_1_49' title='bbox 643 593 864 646; x_wconf 84' lang='lat' dir='ltr'>Huinsque</span> <span class='ocrx_word' id='word_1_50' title='bbox 915 594 1204 647; x_wconf 85' lang='lat' dir='ltr'>descriptionis</span> <span class='ocrx_word' id='word_1_51' title='bbox 1257 595 1434 637; x_wconf 77' lang='lat' dir='ltr'>similem</span> <span class='ocrx_word' id='word_1_52' title='bbox 1486 595 1667 650; x_wconf 82' lang='lat' dir='ltr'>figuram</span> <span class='ocrx_word' id='word_1_53' title='bbox 1717 594 1913 637; x_wconf 79' lang='lat' dir='ltr'>Lowerus</span> 
     </span>
     <span class='ocr_line' id='line_1_8' title="bbox 440 657 1916 716; baseline 0.001 -16"><span class='ocrx_word' id='word_1_54' title='bbox 440 659 682 702; x_wconf 71' lang='lat' dir='ltr'>reddiderat.</span> <span class='ocrx_word' id='word_1_55' title='bbox 751 657 980 712; x_wconf 75' lang='lat' dir='ltr'><strong>Singularis</strong></span> <span class='ocrx_word' id='word_1_56' title='bbox 1011 659 1189 702; x_wconf 89' lang='lat' dir='ltr'>omnino</span> <span class='ocrx_word' id='word_1_57' title='bbox 1218 671 1259 702; x_wconf 89' lang='lat' dir='ltr'>et</span> <span class='ocrx_word' id='word_1_58' title='bbox 1287 660 1483 703; x_wconf 83' lang='lat' dir='ltr'>notabilis</span> <span class='ocrx_word' id='word_1_59' title='bbox 1519 661 1650 716; x_wconf 85' lang='lat' dir='ltr'>figura</span> <span class='ocrx_word' id='word_1_60' title='bbox 1682 662 1754 709; x_wconf 83' lang='lat' dir='ltr'>est,</span> <span class='ocrx_word' id='word_1_61' title='bbox 1790 673 1916 714; x_wconf 79' lang='lat' dir='ltr'>quam</span> 
     </span>
     <span class='ocr_line' id='line_1_9' title="bbox 441 724 1916 778; baseline 0.001 -14"><span class='ocrx_word' id='word_1_62' title='bbox 441 724 570 765; x_wconf 71' lang='lat' dir='ltr'>fibrae</span> <span class='ocrx_word' id='word_1_63' title='bbox 627 724 696 764; x_wconf 83' lang='lat' dir='ltr'>sua</span> <span class='ocrx_word' id='word_1_64' title='bbox 751 724 1020 778; x_wconf 75' lang='lat' dir='ltr'>dispositione</span> <span class='ocrx_word' id='word_1_65' title='bbox 1072 734 1116 765; x_wconf 90' lang='lat' dir='ltr'>et</span> <span class='ocrx_word' id='word_1_66' title='bbox 1167 726 1331 767; x_wconf 83' lang='lat' dir='ltr'>decursu</span> <span class='ocrx_word' id='word_1_67' title='bbox 1380 726 1421 765; x_wconf 90' lang='lat' dir='ltr'>in</span> <span class='ocrx_word' id='word_1_68' title='bbox 1467 726 1543 768; x_wconf 78' lang='lat' dir='ltr'>hac</span> <span class='ocrx_word' id='word_1_69' title='bbox 1589 728 1680 768; x_wconf 85' lang='lat' dir='ltr'>sede</span> <span class='ocrx_word' id='word_1_70' title='bbox 1717 725 1916 768; x_wconf 86' lang='lat' dir='ltr'>efficiunt.</span> 
     </span>
     <span class='ocr_line' id='line_1_10' title="bbox 444 789 1918 845; baseline -0.001 -13"><span class='ocrx_word' id='word_1_71' title='bbox 444 789 549 832; x_wconf 90' lang='lat' dir='ltr'>Non</span> <span class='ocrx_word' id='word_1_72' title='bbox 599 792 804 842; x_wconf 85' lang='lat' dir='ltr'>integram</span> <span class='ocrx_word' id='word_1_73' title='bbox 844 800 982 830; x_wconf 82' lang='lat' dir='ltr'>tamen</span> <span class='ocrx_word' id='word_1_74' title='bbox 1031 800 1158 832; x_wconf 70' lang='lat' dir='ltr'>vnum</span> <span class='ocrx_word' id='word_1_75' title='bbox 1193 801 1237 831; x_wconf 89' lang='lat' dir='ltr'>et</span> <span class='ocrx_word' id='word_1_76' title='bbox 1279 789 1505 845; x_wconf 72' lang='lat' dir='ltr'>perfet‘iam</span> <span class='ocrx_word' id='word_1_77' title='bbox 1557 792 1712 834; x_wconf 82' lang='lat' dir='ltr'>stellam</span> <span class='ocrx_word' id='word_1_78' title='bbox 1767 790 1918 832; x_wconf 77' lang='lat' dir='ltr'>descri-</span> 
     </span>
     <span class='ocr_line' id='line_1_11' title="bbox 441 854 1919 910; baseline 0 -15"><span class='ocrx_word' id='word_1_79' title='bbox 441 854 574 903; x_wconf 86' lang='lat' dir='ltr'>bunt,</span> <span class='ocrx_word' id='word_1_80' title='bbox 627 866 682 894; x_wconf 88' lang='lat' dir='ltr'>ex</span> <span class='ocrx_word' id='word_1_81' title='bbox 735 855 852 894; x_wconf 87' lang='lat' dir='ltr'>cuius</span> <span class='ocrx_word' id='word_1_82' title='bbox 903 854 1059 895; x_wconf 88' lang='lat' dir='ltr'>scilicet</span> <span class='ocrx_word' id='word_1_83' title='bbox 1109 864 1253 897; x_wconf 86' lang='lat' dir='ltr'>centro</span> <span class='ocrx_word' id='word_1_84' title='bbox 1288 856 1416 896; x_wconf 89' lang='lat' dir='ltr'>vnico</span> <span class='ocrx_word' id='word_1_85' title='bbox 1451 856 1779 910; x_wconf 82' lang='lat' dir='ltr'>circumquaque</span> <span class='ocrx_word' id='word_1_86' title='bbox 1815 855 1919 896; x_wconf 79' lang='lat' dir='ltr'>radii</span> 
     </span>
     <span class='ocr_line' id='line_1_12' title="bbox 441 917 1920 976; baseline -0.001 -15"><span class='ocrx_word' id='word_1_87' title='bbox 441 921 606 961; x_wconf 76' lang='lat' dir='ltr'>curuati</span> <span class='ocrx_word' id='word_1_88' title='bbox 641 918 683 958; x_wconf 89' lang='lat' dir='ltr'>in</span> <span class='ocrx_word' id='word_1_89' title='bbox 721 930 871 960; x_wconf 88' lang='lat' dir='ltr'>omnes</span> <span class='ocrx_word' id='word_1_90' title='bbox 907 918 1045 974; x_wconf 77' lang='lat' dir='ltr'>plagas</span> <span class='ocrx_word' id='word_1_91' title='bbox 1077 919 1254 963; x_wconf 81' lang='lat' dir='ltr'>exirent.</span> <span class='ocrx_word' id='word_1_92' title='bbox 1319 917 1425 961; x_wconf 86' lang='lat' dir='ltr'>Sunt</span> <span class='ocrx_word' id='word_1_93' title='bbox 1460 920 1564 963; x_wconf 84' lang='lat' dir='ltr'>duae</span> <span class='ocrx_word' id='word_1_94' title='bbox 1599 922 1739 976; x_wconf 82' lang='lat' dir='ltr'>potius</span> <span class='ocrx_word' id='word_1_95' title='bbox 1777 931 1920 975; x_wconf 83' lang='lat' dir='ltr'>partes</span> 
     </span>
     <span class='ocr_line' id='line_1_13' title="bbox 442 983 1919 1039; baseline 0.002 -15"><span class='ocrx_word' id='word_1_96' title='bbox 442 984 620 1026; x_wconf 83' lang='lat' dir='ltr'>duarum</span> <span class='ocrx_word' id='word_1_97' title='bbox 659 983 918 1025; x_wconf 78' lang='lat' dir='ltr'>diuersarum</span> <span class='ocrx_word' id='word_1_98' title='bbox 956 983 1191 1034; x_wconf 83' lang='lat' dir='ltr'>stellarum,</span> <span class='ocrx_word' id='word_1_99' title='bbox 1243 997 1423 1037; x_wconf 83' lang='lat' dir='ltr'>quarum</span> <span class='ocrx_word' id='word_1_100' title='bbox 1461 985 1595 1036; x_wconf 71' lang='lat' dir='ltr'>altera</span> <span class='ocrx_word' id='word_1_101' title='bbox 1635 987 1676 1027; x_wconf 90' lang='lat' dir='ltr'>in</span> <span class='ocrx_word' id='word_1_102' title='bbox 1714 986 1919 1039; x_wconf 77' lang='lat' dir='ltr'>superiori</span> 
     </span>
     <span class='ocr_line' id='line_1_14' title="bbox 443 1045 1920 1105; baseline 0.001 -17"><span class='ocrx_word' id='word_1_103' title='bbox 443 1045 539 1104; x_wconf 81' lang='lat' dir='ltr'><em>(a),</em></span> <span class='ocrx_word' id='word_1_104' title='bbox 595 1045 726 1087; x_wconf 78' lang='lat' dir='ltr'>altera</span> <span class='ocrx_word' id='word_1_105' title='bbox 760 1048 801 1087; x_wconf 90' lang='lat' dir='ltr'>in</span> <span class='ocrx_word' id='word_1_106' title='bbox 839 1048 1050 1096; x_wconf 82' lang='lat' dir='ltr'>inferiori,</span> <span class='ocrx_word' id='word_1_107' title='bbox 1084 1045 1159 1104; x_wconf 80' lang='lat' dir='ltr'>(h)</span> <span class='ocrx_word' id='word_1_108' title='bbox 1212 1049 1423 1102; x_wconf 84' lang='lat' dir='ltr'>superficie</span> <span class='ocrx_word' id='word_1_109' title='bbox 1459 1050 1580 1092; x_wconf 75' lang='lat' dir='ltr'>radiis</span> <span class='ocrx_word' id='word_1_110' title='bbox 1614 1051 1693 1091; x_wconf 87' lang='lat' dir='ltr'>suis</span> <span class='ocrx_word' id='word_1_111' title='bbox 1729 1060 1920 1105; x_wconf 77' lang='lat' dir='ltr'>apparet.</span> 
     </span>
     <span class='ocr_line' id='line_1_15' title="bbox 443 1111 1920 1166; baseline 0.001 -14"><span class='ocrx_word' id='word_1_112' title='bbox 443 1111 656 1165; x_wconf 76' lang='lat' dir='ltr'>quaelibet</span> <span class='ocrx_word' id='word_1_113' title='bbox 691 1112 869 1166; x_wconf 90' lang='lat' dir='ltr'>proprio</span> <span class='ocrx_word' id='word_1_114' title='bbox 906 1115 978 1152; x_wconf 88' lang='lat' dir='ltr'>suo</span> <span class='ocrx_word' id='word_1_115' title='bbox 1015 1112 1063 1153; x_wconf 80' lang='lat' dir='ltr'>ad</span> <span class='ocrx_word' id='word_1_116' title='bbox 1103 1115 1337 1166; x_wconf 78' lang='lat' dir='ltr'>marginem</span> <span class='ocrx_word' id='word_1_117' title='bbox 1375 1113 1592 1156; x_wconf 84' lang='lat' dir='ltr'>collocato</span> <span class='ocrx_word' id='word_1_118' title='bbox 1629 1124 1798 1163; x_wconf 90' lang='lat' dir='ltr'>centro,</span> <span class='ocrx_word' id='word_1_119' title='bbox 1852 1114 1920 1153; x_wconf 88' lang='lat' dir='ltr'>seu</span> 
     </span>
     <span class='ocr_line' id='line_1_16' title="bbox 442 1177 1920 1230; baseline 0 -12"><span class='ocrx_word' id='word_1_120' title='bbox 442 1178 566 1226; x_wconf 85' lang='lat' dir='ltr'>foco,</span> <span class='ocrx_word' id='word_1_121' title='bbox 599 1178 776 1230; x_wconf 71' lang='lat' dir='ltr'>gaudet,</span> <span class='ocrx_word' id='word_1_122' title='bbox 812 1186 961 1218; x_wconf 81' lang='lat' dir='ltr'>neutra</span> <span class='ocrx_word' id='word_1_123' title='bbox 995 1189 1051 1218; x_wconf 82' lang='lat' dir='ltr'>ex</span> <span class='ocrx_word' id='word_1_124' title='bbox 1087 1177 1170 1218; x_wconf 89' lang='lat' dir='ltr'>hoc</span> <span class='ocrx_word' id='word_1_125' title='bbox 1205 1189 1351 1220; x_wconf 84' lang='lat' dir='ltr'>centro</span> <span class='ocrx_word' id='word_1_126' title='bbox 1386 1179 1457 1221; x_wconf 90' lang='lat' dir='ltr'>suo</span> <span class='ocrx_word' id='word_1_127' title='bbox 1490 1180 1625 1220; x_wconf 81' lang='lat' dir='ltr'>radios</span> <span class='ocrx_word' id='word_1_128' title='bbox 1660 1181 1711 1220; x_wconf 87' lang='lat' dir='ltr'>ad</span> <span class='ocrx_word' id='word_1_129' title='bbox 1747 1178 1920 1219; x_wconf 77' lang='lat' dir='ltr'>alteram</span> 
     </span>
     <span class='ocr_line' id='line_1_17' title="bbox 446 1239 1923 1297; baseline -0.001 -14"><span class='ocrx_word' id='word_1_130' title='bbox 446 1239 709 1295; x_wconf 87' lang='lat' dir='ltr'>superficiem</span> <span class='ocrx_word' id='word_1_131' title='bbox 766 1242 910 1282; x_wconf 85' lang='lat' dir='ltr'>mittit.</span> <span class='ocrx_word' id='word_1_132' title='bbox 996 1239 1194 1296; x_wconf 85' lang='lat' dir='ltr'>Superior</span> <span class='ocrx_word' id='word_1_133' title='bbox 1229 1243 1271 1282; x_wconf 89' lang='lat' dir='ltr'>in</span> <span class='ocrx_word' id='word_1_134' title='bbox 1309 1243 1465 1297; x_wconf 67' lang='lat' dir='ltr'>puncio</span> <span class='ocrx_word' id='word_1_135' title='bbox 1500 1243 1698 1297; x_wconf 77' lang='lat' dir='ltr'>marginis</span> <span class='ocrx_word' id='word_1_136' title='bbox 1752 1243 1923 1290; x_wconf 81' lang='lat' dir='ltr'>finistri,</span> 
     </span>
     <span class='ocr_line' id='line_1_18' title="bbox 446 1304 1922 1363; baseline -0.001 -16"><span class='ocrx_word' id='word_1_137' title='bbox 446 1306 649 1362; x_wconf 85' lang='lat' dir='ltr'>pollicem</span> <span class='ocrx_word' id='word_1_138' title='bbox 687 1306 772 1348; x_wconf 84' lang='lat' dir='ltr'>fere</span> <span class='ocrx_word' id='word_1_139' title='bbox 805 1321 827 1347; x_wconf 79' lang='lat' dir='ltr'>a</span> <span class='ocrx_word' id='word_1_140' title='bbox 863 1305 947 1347; x_wconf 86' lang='lat' dir='ltr'>fine</span> <span class='ocrx_word' id='word_1_141' title='bbox 981 1319 1129 1349; x_wconf 83' lang='lat' dir='ltr'>crcnae</span> <span class='ocrx_word' id='word_1_142' title='bbox 1163 1318 1359 1357; x_wconf 89' lang='lat' dir='ltr'>remoto,</span> <span class='ocrx_word' id='word_1_143' title='bbox 1395 1309 1564 1358; x_wconf 84' lang='lat' dir='ltr'>focum,</span> <span class='ocrx_word' id='word_1_144' title='bbox 1598 1304 1668 1363; x_wconf 84' lang='lat' dir='ltr'>(c)</span> <span class='ocrx_word' id='word_1_145' title='bbox 1705 1307 1842 1347; x_wconf 84' lang='lat' dir='ltr'>radios</span> <span class='ocrx_word' id='word_1_146' title='bbox 1879 1307 1922 1346; x_wconf 87' lang='lat' dir='ltr'>in</span> 
     </span>
     <span class='ocr_line' id='line_1_19' title="bbox 447 1371 1921 1427; baseline -0.001 -16"><span class='ocrx_word' id='word_1_147' title='bbox 447 1371 576 1412; x_wconf 82' lang='lat' dir='ltr'>solam</span> <span class='ocrx_word' id='word_1_148' title='bbox 616 1371 712 1412; x_wconf 90' lang='lat' dir='ltr'>inde</span> <span class='ocrx_word' id='word_1_149' title='bbox 749 1371 1007 1427; x_wconf 88' lang='lat' dir='ltr'>superiorem</span> <span class='ocrx_word' id='word_1_150' title='bbox 1044 1371 1305 1426; x_wconf 75' lang='lat' dir='ltr'>superficiem</span> <span class='ocrx_word' id='word_1_151' title='bbox 1342 1372 1485 1415; x_wconf 81' lang='lat' dir='ltr'>versus</span> <span class='ocrx_word' id='word_1_152' title='bbox 1521 1383 1714 1419; x_wconf 80' lang='lat' dir='ltr'>crenam,</span> <span class='ocrx_word' id='word_1_153' title='bbox 1749 1371 1921 1422; x_wconf 82' lang='lat' dir='ltr'>eiusque</span> 
     </span>
     <span class='ocr_line' id='line_1_20' title="bbox 449 1436 1924 1492; baseline -0.002 -14"><span class='ocrx_word' id='word_1_154' title='bbox 449 1436 631 1478; x_wconf 78' lang='lat' dir='ltr'>diuersas</span> <span class='ocrx_word' id='word_1_155' title='bbox 669 1447 832 1492; x_wconf 78' lang='lat' dir='ltr'>partes,</span> <span class='ocrx_word' id='word_1_156' title='bbox 868 1451 891 1478; x_wconf 82' lang='lat' dir='ltr'>a</span> <span class='ocrx_word' id='word_1_157' title='bbox 925 1439 1061 1479; x_wconf 79' lang='lat' dir='ltr'>media</span> <span class='ocrx_word' id='word_1_158' title='bbox 1096 1439 1264 1480; x_wconf 83' lang='lat' dir='ltr'>circiter</span> <span class='ocrx_word' id='word_1_159' title='bbox 1298 1449 1422 1479; x_wconf 78' lang='lat' dir='ltr'>crena</span> <span class='ocrx_word' id='word_1_160' title='bbox 1458 1438 1508 1478; x_wconf 80' lang='lat' dir='ltr'>ad</span> <span class='ocrx_word' id='word_1_161' title='bbox 1553 1447 1796 1479; x_wconf 87' lang='lat' dir='ltr'>extremum</span> <span class='ocrx_word' id='word_1_162' title='bbox 1836 1436 1924 1475; x_wconf 84' lang='lat' dir='ltr'>eius</span> 
     </span>
     <span class='ocr_line' id='line_1_21' title="bbox 448 1499 1925 1558; baseline -0.001 -17"><span class='ocrx_word' id='word_1_163' title='bbox 448 1499 577 1542; x_wconf 86' lang='lat' dir='ltr'>finem</span> <span class='ocrx_word' id='word_1_164' title='bbox 618 1514 764 1554; x_wconf 83' lang='lat' dir='ltr'>vsque,</span> <span class='ocrx_word' id='word_1_165' title='bbox 798 1503 1000 1556; x_wconf 82' lang='lat' dir='ltr'>dispersos</span> <span class='ocrx_word' id='word_1_166' title='bbox 1021 1501 1093 1558; x_wconf 79' lang='lat' dir='ltr'>(d)</span> <span class='ocrx_word' id='word_1_167' title='bbox 1127 1502 1261 1544; x_wconf 74' lang='lat' dir='ltr'>imber.</span> <span class='ocrx_word' id='word_1_168' title='bbox 1327 1501 1507 1544; x_wconf 88' lang='lat' dir='ltr'>Inferior</span> <span class='ocrx_word' id='word_1_169' title='bbox 1543 1502 1642 1544; x_wconf 87' lang='lat' dir='ltr'>foco</span> <span class='ocrx_word' id='word_1_170' title='bbox 1674 1499 1743 1555; x_wconf 88' lang='lat' dir='ltr'>(e)</span> <span class='ocrx_word' id='word_1_171' title='bbox 1775 1499 1925 1541; x_wconf 86' lang='lat' dir='ltr'>instru-</span> 
     </span>
     <span class='ocr_line' id='line_1_22' title="bbox 449 1563 1925 1622; baseline -0.002 -15"><span class='ocrx_word' id='word_1_172' title='bbox 449 1566 511 1607; x_wconf 65' lang='grc' dir='ltr'>ἀει</span> <span class='ocrx_word' id='word_1_173' title='bbox 547 1568 596 1608; x_wconf 85' lang='lat' dir='ltr'>ad</span> <span class='ocrx_word' id='word_1_174' title='bbox 629 1565 756 1608; x_wconf 89' lang='lat' dir='ltr'>finem</span> <span class='ocrx_word' id='word_1_175' title='bbox 794 1569 911 1608; x_wconf 77' lang='lat' dir='ltr'>striae</span> <span class='ocrx_word' id='word_1_176' title='bbox 948 1568 1106 1621; x_wconf 75' lang='lat' dir='ltr'>posito,</span> <span class='ocrx_word' id='word_1_177' title='bbox 1142 1567 1492 1622; x_wconf 74' lang='lat' dir='ltr'>interstitiumque</span> <span class='ocrx_word' id='word_1_178' title='bbox 1525 1577 1780 1622; x_wconf 82' lang='lat' dir='ltr'>occupante,</span> <span class='ocrx_word' id='word_1_179' title='bbox 1810 1563 1925 1618; x_wconf 88' lang='lat' dir='ltr'>quod</span> 
     </span>
     <span class='ocr_line' id='line_1_23' title="bbox 450 1630 1924 1687; baseline 0.001 -17"><span class='ocrx_word' id='word_1_180' title='bbox 450 1631 562 1671; x_wconf 87' lang='lat' dir='ltr'>inter</span> <span class='ocrx_word' id='word_1_181' title='bbox 595 1630 704 1672; x_wconf 90' lang='lat' dir='ltr'>hunc</span> <span class='ocrx_word' id='word_1_182' title='bbox 738 1631 867 1673; x_wconf 85' lang='lat' dir='ltr'>finem</span> <span class='ocrx_word' id='word_1_183' title='bbox 906 1642 949 1672; x_wconf 90' lang='lat' dir='ltr'>et</span> <span class='ocrx_word' id='word_1_184' title='bbox 982 1633 1121 1674; x_wconf 80' lang='lat' dir='ltr'>focum</span> <span class='ocrx_word' id='word_1_185' title='bbox 1175 1633 1436 1687; x_wconf 84' lang='lat' dir='ltr'>superiorem</span> <span class='ocrx_word' id='word_1_186' title='bbox 1489 1634 1734 1681; x_wconf 87' lang='lat' dir='ltr'>intercedit,</span> <span class='ocrx_word' id='word_1_187' title='bbox 1787 1630 1924 1672; x_wconf 82' lang='lat' dir='ltr'>radios</span> 
     </span>
     <span class='ocr_line' id='line_1_24' title="bbox 452 1692 1924 1750; baseline 0 -16"><span class='ocrx_word' id='word_1_188' title='bbox 452 1696 494 1734; x_wconf 87' lang='lat' dir='ltr'>in</span> <span class='ocrx_word' id='word_1_189' title='bbox 533 1696 721 1736; x_wconf 77' lang='lat' dir='ltr'>inferiori</span> <span class='ocrx_word' id='word_1_190' title='bbox 776 1697 992 1750; x_wconf 85' lang='lat' dir='ltr'>superficie</span> <span class='ocrx_word' id='word_1_191' title='bbox 1043 1697 1182 1739; x_wconf 80' lang='lat' dir='ltr'>versus</span> <span class='ocrx_word' id='word_1_192' title='bbox 1234 1699 1467 1750; x_wconf 73' lang='lat' dir='ltr'>marginem</span> <span class='ocrx_word' id='word_1_193' title='bbox 1520 1697 1690 1746; x_wconf 87' lang='lat' dir='ltr'>oblique</span> <span class='ocrx_word' id='word_1_194' title='bbox 1725 1702 1766 1733; x_wconf 86' lang='lat' dir='ltr'>et</span> <span class='ocrx_word' id='word_1_195' title='bbox 1813 1692 1924 1732; x_wconf 82' lang='lat' dir='ltr'>basin</span> 
     </span>
     <span class='ocr_line' id='line_1_25' title="bbox 450 1757 1925 1814; baseline -0.002 -14"><span class='ocrx_word' id='word_1_196' title='bbox 450 1759 626 1800; x_wconf 88' lang='lat' dir='ltr'>emittit.</span> <span class='ocrx_word' id='word_1_197' title='bbox 675 1758 737 1813; x_wconf 88' lang='lat' dir='ltr'>(s)</span> <span class='ocrx_word' id='word_1_198' title='bbox 822 1757 918 1801; x_wconf 80' lang='lat' dir='ltr'>Non</span> <span class='ocrx_word' id='word_1_199' title='bbox 957 1772 1060 1814; x_wconf 78' lang='lat' dir='ltr'>ergo</span> <span class='ocrx_word' id='word_1_200' title='bbox 1099 1761 1137 1799; x_wconf 88' lang='lat' dir='ltr'>in</span> <span class='ocrx_word' id='word_1_201' title='bbox 1177 1769 1362 1812; x_wconf 73' lang='lat' dir='ltr'>partem,</span> <span class='ocrx_word' id='word_1_202' title='bbox 1415 1760 1649 1814; x_wconf 78' lang='lat' dir='ltr'>oppositam</span> <span class='ocrx_word' id='word_1_203' title='bbox 1702 1757 1925 1800; x_wconf 56' lang='lat' dir='ltr'>directioni</span> 
     </span>
     <span class='ocr_line' id='line_1_26' title="bbox 453 1822 1924 1878; baseline -0.001 -14"><span class='ocrx_word' id='word_1_204' title='bbox 453 1822 714 1878; x_wconf 88' lang='lat' dir='ltr'>superiorum</span> <span class='ocrx_word' id='word_1_205' title='bbox 751 1825 986 1874; x_wconf 78' lang='lat' dir='ltr'>radiorum,</span> <span class='ocrx_word' id='word_1_206' title='bbox 1022 1824 1196 1865; x_wconf 82' lang='lat' dir='ltr'>inferior</span> <span class='ocrx_word' id='word_1_207' title='bbox 1230 1836 1326 1877; x_wconf 82' lang='lat' dir='ltr'>pars</span> <span class='ocrx_word' id='word_1_208' title='bbox 1361 1824 1496 1865; x_wconf 64' lang='lat' dir='ltr'>stellae</span> <span class='ocrx_word' id='word_1_209' title='bbox 1541 1825 1634 1865; x_wconf 91' lang='lat' dir='ltr'>suos</span> <span class='ocrx_word' id='word_1_210' title='bbox 1668 1823 1805 1865; x_wconf 82' lang='lat' dir='ltr'>radios</span> <span class='ocrx_word' id='word_1_211' title='bbox 1841 1822 1924 1863; x_wconf 82' lang='lat' dir='ltr'>dis-</span> 
     </span>
    </p>

    <p class='ocr_par' dir='ltr' id='par_1_3' title="bbox 1767 1886 1927 1937">
     <span class='ocr_line' id='line_1_27' title="bbox 1767 1886 1927 1937; baseline 0 -10"><span class='ocrx_word' id='word_1_212' title='bbox 1767 1886 1927 1937; x_wconf 82' lang='lat' dir='ltr'>tribuit,</span> 
     </span>
    </p>
   </div>
   <div class='ocr_carea' id='block_1_3' title="bbox 498 1988 1355 2324">
    <p class='ocr_par' dir='ltr' id='par_1_4' title="bbox 498 1988 1168 2034">
     <span class='ocr_line' id='line_1_28' title="bbox 498 1988 1168 2034; baseline 0.001 -11"><span class='ocrx_word' id='word_1_213' title='bbox 498 1990 560 2034; x_wconf 87' lang='lat' dir='ltr'>(a)</span> <span class='ocrx_word' id='word_1_214' title='bbox 585 1988 669 2022; x_wconf 78' lang='lat' dir='ltr'>Tab.</span> <span class='ocrx_word' id='word_1_215' title='bbox 699 1991 720 2023; x_wconf 89' lang='lat'>1.</span> <span class='ocrx_word' id='word_1_216' title='bbox 749 2001 796 2033; x_wconf 80' lang='lat'>95.</span> <span class='ocrx_word' id='word_1_217' title='bbox 826 2001 880 2032; x_wconf 83' lang='lat'>99.</span> <span class='ocrx_word' id='word_1_218' title='bbox 910 2000 973 2022; x_wconf 84' lang='lat'>101.</span> <span class='ocrx_word' id='word_1_219' title='bbox 1003 2001 1070 2023; x_wconf 64' lang='grc' dir='ltr'>ιε).</span> <span class='ocrx_word' id='word_1_220' title='bbox 1098 2001 1168 2032; x_wconf 79' lang='lat'>104.</span> 
     </span>
    </p>

    <p class='ocr_par' dir='ltr' id='par_1_5' title="bbox 499 2045 1061 2090">
     <span class='ocr_line' id='line_1_29' title="bbox 499 2045 1061 2090; baseline -0.002 -10"><span class='ocrx_word' id='word_1_221' title='bbox 499 2045 559 2090; x_wconf 85' lang='lat' dir='ltr'>(b)</span> <span class='ocrx_word' id='word_1_222' title='bbox 589 2046 673 2080; x_wconf 73' lang='lat' dir='ltr'>Tab.</span> <span class='ocrx_word' id='word_1_223' title='bbox 704 2048 754 2080; x_wconf 89' lang='lat'>111.</span> <span class='ocrx_word' id='word_1_224' title='bbox 783 2058 835 2089; x_wconf 83' lang='lat'>30.</span> <span class='ocrx_word' id='word_1_225' title='bbox 866 2058 908 2090; x_wconf 81' lang='lat'>35.</span> <span class='ocrx_word' id='word_1_226' title='bbox 937 2058 982 2088; x_wconf 81' lang='lat'>4¹-</span> <span class='ocrx_word' id='word_1_227' title='bbox 1010 2058 1061 2089; x_wconf 73' lang='lat'>47.</span> 
     </span>
    </p>

    <p class='ocr_par' dir='ltr' id='par_1_6' title="bbox 498 2104 779 2146">
     <span class='ocr_line' id='line_1_30' title="bbox 498 2104 779 2146; baseline -0.007 -8"><span class='ocrx_word' id='word_1_228' title='bbox 498 2106 553 2146; x_wconf 63' lang='grc' dir='ltr'>(ε)</span> <span class='ocrx_word' id='word_1_229' title='bbox 580 2104 664 2137; x_wconf 62' lang='lat' dir='ltr'>Tul).</span> <span class='ocrx_word' id='word_1_230' title='bbox 694 2106 715 2137; x_wconf 87' lang='lat'>1.</span> <span class='ocrx_word' id='word_1_231' title='bbox 745 2106 779 2137; x_wconf 80' lang='lat' dir='ltr'>F..</span> 
     </span>
    </p>

    <p class='ocr_par' dir='ltr' id='par_1_7' title="bbox 501 2162 1330 2264">
     <span class='ocr_line' id='line_1_31' title="bbox 501 2162 1330 2207; baseline -0.002 -11"><span class='ocrx_word' id='word_1_232' title='bbox 501 2162 561 2205; x_wconf 66' lang='lat' dir='ltr'>(d)</span> <span class='ocrx_word' id='word_1_233' title='bbox 589 2164 671 2197; x_wconf 74' lang='lat' dir='ltr'>Tab.</span> <span class='ocrx_word' id='word_1_234' title='bbox 703 2166 723 2197; x_wconf 87' lang='lat'>1.</span> <span class='ocrx_word' id='word_1_235' title='bbox 753 2171 805 2207; x_wconf 84' lang='lat'>89.</span> <span class='ocrx_word' id='word_1_236' title='bbox 837 2170 888 2206; x_wconf 81' lang='lat'>89.</span> <span class='ocrx_word' id='word_1_237' title='bbox 917 2174 970 2206; x_wconf 76' lang='lat'>9⁴-</span> <span class='ocrx_word' id='word_1_238' title='bbox 998 2174 1050 2206; x_wconf 81' lang='lat'>97.</span> <span class='ocrx_word' id='word_1_239' title='bbox 1081 2173 1134 2206; x_wconf 86' lang='lat'>99.</span> <span class='ocrx_word' id='word_1_240' title='bbox 1164 2172 1231 2194; x_wconf 71' lang='lat'>102.</span> <span class='ocrx_word' id='word_1_241' title='bbox 1260 2171 1330 2203; x_wconf 74' lang='lat'>104.</span> 
     </span>
     <span class='ocr_line' id='line_1_32' title="bbox 501 2222 815 2264; baseline 0.006 -9"><span class='ocrx_word' id='word_1_242' title='bbox 501 2224 555 2264; x_wconf 63' lang='lat' dir='ltr'>(f)</span> <span class='ocrx_word' id='word_1_243' title='bbox 582 2222 666 2255; x_wconf 57' lang='lat' dir='ltr'>&#39;sau</span> <span class='ocrx_word' id='word_1_244' title='bbox 698 2225 748 2255; x_wconf 80' lang='lat' dir='ltr'>ln.</span> <span class='ocrx_word' id='word_1_245' title='bbox 779 2226 815 2257; x_wconf 79' lang='lat' dir='ltr'>c.</span> 
     </span>
    </p>

    <p class='ocr_par' dir='ltr' id='par_1_8' title="bbox 499 2280 1355 2324">
     <span class='ocr_line' id='line_1_33' title="bbox 499 2280 1355 2324; baseline -0.001 -12"><span class='ocrx_word' id='word_1_246' title='bbox 499 2280 555 2324; x_wconf 81' lang='lat' dir='ltr'>(J)</span> <span class='ocrx_word' id='word_1_247' title='bbox 583 2280 667 2314; x_wconf 77' lang='lat' dir='ltr'>¹l‘ab.</span> <span class='ocrx_word' id='word_1_248' title='bbox 696 2283 747 2314; x_wconf 82' lang='lat'>111.</span> <span class='ocrx_word' id='word_1_249' title='bbox 776 2282 824 2315; x_wconf 82' lang='lat'>26.</span> <span class='ocrx_word' id='word_1_250' title='bbox 853 2292 901 2321; x_wconf 73' lang='lat'>27.</span> <span class='ocrx_word' id='word_1_251' title='bbox 932 2285 980 2318; x_wconf 83' lang='lat'>28.</span> <span class='ocrx_word' id='word_1_252' title='bbox 1011 2289 1059 2321; x_wconf 82' lang='lat'>39.</span> <span class='ocrx_word' id='word_1_253' title='bbox 1088 2288 1134 2321; x_wconf 76' lang='lat'>45.</span> <span class='ocrx_word' id='word_1_254' title='bbox 1162 2285 1214 2318; x_wconf 80' lang='lat'>48.</span> <span class='ocrx_word' id='word_1_255' title='bbox 1243 2289 1282 2322; x_wconf 85' lang='lat'>5¹·</span> <span class='ocrx_word' id='word_1_256' title='bbox 1312 2288 1355 2322; x_wconf 82' lang='lat'>5²·</span> 
     </span>
    </p>
   </div>
  </div>
 </body>
</html>
