2111 2828
928 112 1043 161 -ῲῖἐ
1108 109 1305 168 )¹42(
1367 114 1482 167 ἓξ..

471 223 557 264 sum
605 221 758 273 figurae
795 226 987 260 centrum
1040 220 1223 273 incidat,
1272 224 1336 268 sed
1369 225 1496 269 etiam
1533 229 1678 271 omnia
1711 243 1926 278 momenta

466 284 645 327 inertiae
691 283 872 338 respectu
907 285 1110 338 cuiusque
1154 288 1349 332 diametri
1401 293 1507 335 inter
1542 293 1580 334 se
1613 294 1691 336 smt
1727 299 1925 350 aequalia.

464 348 580 389 Talis
616 347 725 402 globi
762 349 895 397 radius
920 349 989 391 hic
1027 352 1199 405 ponitur
1230 353 1316 411 :f‚
1354 355 1523 408 eiusque
1557 361 1678 401 massa
1714 361 1781 401 seu
1820 376 1926 415 pon-

463 413 537 453 dus
572 411 692 456 :M
738 423 779 453 et
818 425 1084 457 momentum
1141 418 1312 459 inertiae
1364 420 1549 474 respectu
1587 425 1674 465 axis
1709 418 1926 469 cuiuscun-

464 489 543 530 que
583 490 654 530 per
690 487 880 520 centrum
918 480 1135 533 grauitatis
1173 484 1413 525 transeuntis
1450 484 1664 536 :Maa‚
1701 489 1756 530 ita
1790 501 1859 537 vt.
1898 491 1926 533 fi

463 542 610 596 globus
635 554 686 583 ex
715 544 890 591 materia
923 542 1185 598 homogenea
1223 549 1399 598 constet,
1435 550 1620 591 futurum
1648 552 1697 592 sit
1730 554 1927 610 acczsf,

462 606 682 648 Praeterea
716 620 820 648 vero
857 619 943 650 tam
992 610 1124 664 ipsum
1171 611 1342 666 planum
1378 614 1642 656 horizontale
1677 629 1801 670 quam
1837 628 1928 662 tota

462 670 577 724 globi
612 672 847 727 superficies
884 672 942 711 ita
977 677 1202 727 aequaliter
1235 677 1438 732 laeuigata
1472 679 1714 734 assumitur,
1748 690 1793 722 vt
1825 682 1928 726 dum

463 736 612 789 globus
657 737 775 792 super
827 737 954 791 plano
1005 740 1189 782 radendo
1240 743 1495 795 ingreditur,
1547 746 1702 799 vbique
1755 747 1927 788 eandem

463 800 702 842 fric‘liouem
757 802 962 856 patiatur,
996 815 1125 858 quac,
1150 819 1266 857 ‚cum
1313 807 1503 859 preffioni
1541 809 1608 850 seu
1643 810 1715 867 ipfi
1749 809 1928 866 ponderi

463 864 576 919 globi
611 865 658 906 fit
679 865 1025 922 proportionalis,
1063 868 1132 911 hic
1169 869 1357 912 statuitur
1388 868 1564 913 :3M.

275 1003 440 1040 Tab.1V.
655 975 713 1019 11.
766 975 914 1018 Status
965 975 1146 1022 initialis.
1229 973 1441 1017 Ponamus
1486 976 1656 1030 globum
1708 975 1831 1018 initio
1883 976 1927 1019 50

276 1055 346 1103 rig.
374 1063 403 1089 ι.
467 1042 624 1099 punc'to
658 1040 698 1081 1)
733 1040 860 1093 plano
911 1039 1092 1079 insistere
1143 1039 1264 1092 eique
1301 1051 1472 1080 motum
1523 1041 1826 1094 progreffiuum
1866 1041 1930 1082 se·

468 1107 653 1149 cundum
705 1102 983 1144 direffionem
1036 1100 1144 1144 DO
1194 1102 1274 1144 effe
1322 1104 1563 1157 impressum
1615 1117 1710 1146 cum
1762 1118 1811 1145 ea
1863 1117 1933 1146 ce·

469 1171 657 1218 leritate‚
709 1178 757 1211 vt
811 1166 959 1220 globus
1009 1179 1097 1207 vno
1147 1167 1317 1209 minuto
1363 1167 1544 1209 secundo
1599 1168 1775 1222 spatium
1826 1180 1932 1209 :e

468 1237 567 1277 esset
617 1233 906 1290 percursurus,
955 1242 1058 1284 quae
1108 1233 1301 1272 celeritas
1345 1243 1429 1272 non
1481 1242 1563 1274 tam
1618 1232 1776 1285 puncto
1826 1243 1931 1271 con-

467 1300 597 1342 tactus
648 1296 686 1340 D
739 1308 861 1350 quam
915 1305 1059 1338 centro
1111 1295 1224 1349 globi
1285 1294 1477 1349 impressa
1531 1296 1588 1337 est
1643 1297 1928 1347 intelligenda.

467 1364 586 1408 Tum
621 1374 721 1405 vero
758 1361 911 1404 referat
946 1359 1122 1402 circulus
1157 1356 1308 1400 ABC
1333 1360 1370 1399 l)
1419 1360 1642 1400 sectionem
1679 1358 1927 1400 verticalem

465 1429 580 1483 globi
616 1428 832 1469 secundum
869 1425 1144 1466 direffionem
1182 1421 1274 1465 DO
1305 1422 1479 1475 saetam,
1513 1424 1585 1476 qui
1620 1422 1740 1464 simul
1791 1423 1930 1464 hemi·

466 1494 702 1549 sphaerium
755 1490 869 1545 globi
924 1501 1167 1530 connexum
1216 1487 1338 1528 nobis
1391 1488 1614 1528 obuersum
1670 1488 1842 1538 referat,
1883 1488 1926 1527 in

465 1571 553 1612 quo
573 1557 619 1598 fit
655 1557 689 1597 E
725 1555 860 1609 polus,
896 1556 1004 1595 circa
1039 1566 1164 1606 quem
1200 1552 1325 1606 globo
1360 1564 1497 1593 motus
1533 1552 1767 1606 gvratorius
1806 1551 1927 1592 initio

465 1622 543 1665 fuit
573 1620 820 1675 impressus,
861 1621 974 1660 cuius
1008 1618 1197 1660 celeritas
1230 1617 1434 1671 angularis
1471 1618 1513 1657 in
1549 1616 1705 1656 sensum
1732 1612 1925 1656 ABCD

465 1698 641 1738 vergens
678 1685 724 1726 fit
757 1698 860 1733 ze,
918 1685 973 1724 ita
1011 1693 1056 1723 vt
1090 1698 1105 1724 ε
1139 1682 1318 1734 defignet
1369 1681 1567 1734 angulum
1621 1691 1707 1717 vno
1758 1679 1925 1719 minuto

466 1749 642 1789 secundo
679 1747 987 1788 absoluendum.
1064 1745 1144 1783 Pro
1180 1745 1256 1785 sstu
1295 1754 1430 1784 autem
1470 1743 1589 1782 huius
1628 1743 1769 1794 punc'ti
1807 1743 1837 1781 E
1877 1741 1926 1782 fit

466 1811 502 1854 B
538 1812 735 1866 punctum
773 1809 886 1861 globi
923 1811 1152 1855 lummum,
1183 1807 1340 1861 punc'to
1374 1805 1588 1846 contactus
1618 1804 1658 1846 D
1694 1809 1924 1847 diametra·

466 1877 559 1918 liter
612 1873 878 1928 oppositum,
930 1871 1038 1910 vnde
1071 1884 1141 1923 per
1177 1870 1322 1924 polum
1360 1869 1396 1910 E
1431 1880 1581 1923 agatur
1623 1869 1800 1910 circula-
1837 1882 1925 1910 ma-

464 1942 606 1982 ximus
643 1938 724 1979 BE
762 1948 801 1977 et
841 1947 1013 1977 vocetur
1049 1947 1165 1976 arcus
1202 1933 1379 1985 ΒΕΓ-ξ
1411 1946 1450 1974 et
1485 1934 1657 1985 angulus
1697 1932 1923 1985 ABE255

465 2005 613 2055 quibus
648 2015 747 2056 ergo
775 2000 916 2055 positis
955 2009 1042 2039 tota
1078 2000 1139 2038 vis
1175 1999 1271 2038 vina
1305 1999 1433 2052 globo
1471 1999 1593 2040 initio
1627 2000 1815 2051 impreffa
1843 2000 1921 2040 crit

465 2083 515 2110 z:
540 2060 964 2121 Mae-meaa).
1048 2062 1268 2115 Postquam
1307 2065 1433 2116 igitur
1467 2063 1517 2115 gl‘
1540 2062 1594 2103 bo
1630 2063 1720 2104 talis
1765 2062 1920 2114 duplex

469 2146 605 2174 motus
641 2131 762 2173 fuerit
795 2129 1035 2185 imprcssus,
1083 2138 1295 2182 quaentur
1331 2131 1548 2182 quomodo
1581 2128 1612 2168 is
1646 2128 1835 2180 deincep>
1872 2127 1920 2167 fit

1825 2203 1922 2243 pro·
