2111 2828
917 132 1035 184 ,ἐᾷς
1099 129 1115 185 )
1155 134 1247 169 216
1283 130 1299 184 (
1363 132 1480 183 544.

461 260 635 310 oblique
671 245 942 291 finissrorsum
979 244 1030 285 ad
1069 240 1254 284 mediam
1292 249 1455 297 partem
1494 241 1694 298 marginis
1731 255 1857 299 vsque
1893 246 1942 288 fi-

459 323 572 364 nistri
606 311 893 358 descendendo
926 306 1015 366 (a).

460 458 613 501 planae
638 448 774 509 fibrae
809 457 849 491 et
885 447 1123 503 confluentes
1157 444 1340 486 anterius
1373 443 1656 502 dexteriusque
1687 446 1742 490 ad
1768 457 1945 490 crenam.

701 523 891 585 (Thh.L
937 522 1708 581 87.88·89·90·94·95-97·99)

648 635 748 680 Alia
785 633 908 675 facies
945 632 1127 675 anterius
1165 631 1464 687 dexteriusque
1501 633 1623 674 iuxta
1657 645 1859 679 trenam,
1895 642 1941 675 et

463 706 558 749 inde
597 716 729 761 porro
764 701 812 742 ad
845 699 1063 743 dimidiam
1119 698 1374 737 anteriorem
1414 711 1571 752 partem
1612 701 1808 753 marginis
1847 699 1943 740 sini·

461 774 529 814 liri
565 782 717 823 isque,
753 767 794 806 in
833 764 1035 819 superiori
1074 763 1299 804 ventriculi
1336 763 1553 817 superficie
1589 776 1775 818 apparet.
1841 766 1943 810 Non

459 839 578 878 funes
614 833 726 877 crail'i
764 841 944 880 teretes,
979 829 1041 870 sed
1080 827 1210 869 fibrae
1245 827 1414 881 planae,
1450 828 1523 884 (b)
1572 842 1654 872 non
1692 829 1943 871 discedentes

458 903 561 944 :iliae
597 901 646 943 :lb
684 899 775 940 aliis
815 907 855 937 et
891 893 1170 941 ramificatae,
1215 892 1282 933 sed
1318 893 1390 946 fibi
1427 904 1577 942 mutuo
1608 898 1832 948 contiguae
1869 907 1945 949 po·

457 969 540 1009 tius
594 962 691 1021 (c),
745 960 1071 1013 inordinataque
1123 958 1356 1000 coalitioiie
1409 959 1521 1000 inter
1565 957 1603 999 se
1656 959 1945 1016 confluentes,

457 1030 531 1088 (d)
568 1030 675 1072 lianc
715 1025 946 1081 superficiei
984 1024 1204 1079 superioris
1242 1033 1406 1077 partem
1452 1023 1571 1063 iuxta
1607 1036 1778 1066 cremam
1817 1037 1942 1066 occu..

454 1106 572 1153 pant.
643 1092 841 1134 Laminas
894 1090 979 1130 fere
1019 1087 1090 1128 vel
1138 1088 1277 1128 fascias
1310 1088 1500 1135 dixeris,
1546 1087 1698 1132 similes
1736 1089 1944 1142 quodam-

457 1162 589 1205 modo
627 1158 755 1200 fasciis
794 1153 1019 1196 ventriculi
1057 1152 1224 1202 dextri,
1277 1153 1350 1194 nisi
1396 1153 1531 1207 magis
1585 1152 1778 1194 confusae
1832 1154 1943 1197 inter

458 1228 498 1269 se
532 1225 758 1278 minusque
795 1221 836 1262 in
875 1217 1061 1260 fasciolas
1099 1217 1340 1266 distinctae,
1395 1230 1524 1258 vnam
1571 1219 1710 1272 potius
1747 1219 1944 1260 continu-

458 1305 552 1341 am,
588 1305 610 1333 a
645 1302 768 1331 crena
801 1286 1041 1334 subortam,
1085 1282 1280 1325 laminam
1319 1281 1563 1331 efficerent,
1617 1282 1665 1323 ad
1703 1283 1879 1334 aliquam
1919 1297 1944 1325 a

459 1357 647 1411 margine
682 1352 917 1394 distantiam
958 1361 1091 1403 vsque
1129 1351 1434 1389 continuatam.
1519 1345 1619 1388 Sola
1655 1347 1725 1387 illa
1759 1347 1942 1399 fasciola,

453 1420 526 1481 (e)
563 1433 689 1476 quam
727 1417 858 1459 fibrae
895 1414 1127 1456 ventriculi
1163 1414 1301 1455 dextri
1337 1414 1385 1455 ad
1424 1421 1588 1467 partem
1624 1423 1771 1453 crenae
1810 1413 1947 1466 poste·

453 1489 640 1535 rimem,
677 1486 718 1526 in
750 1483 957 1525 sinistrum
992 1479 1242 1520 transeundo
1272 1475 1814 1527 ventriculiim‚efficiunt‚
1843 1491 1945 1530 quae

454 1553 598 1608 pontis
636 1550 756 1592 instar
789 1547 986 1589 arteriam
1023 1545 1292 1586 coronariam
1330 1546 1460 1596 tegit,
1496 1542 1685 1584 distincta
1713 1545 1780 1586 est.
1817 1542 1942 1599 Quae

455 1619 553 1660 inde
606 1615 843 1657 anti-orsum
901 1622 1034 1666 porro
1075 1624 1097 1650 a
1149 1622 1274 1652 crena
1327 1611 1524 1652 oriuntur
1576 1606 1704 1648 fibrae
1757 1609 1942 1660 reliquae

456 1695 632 1732 omnes,
671 1682 781 1721 inter
820 1679 859 1719 fe
892 1675 1174 1724 confluendo,
1210 1675 1418 1728 similique
1453 1673 1759 1728 progrediendo
1793 1672 1941 1719 ductu,

461 1749 709 1790 continuam
746 1743 885 1800 potius
921 1741 963 1780 in
1001 1739 1076 1781 hac
1113 1742 1237 1782 iuxta
1274 1750 1442 1780 crenam
1494 1746 1615 1790 parte
1665 1734 1814 1778 faciem
1851 1737 1943 1778 cffi-

455 1815 588 1855 ciunt.

1770 1876 1941 1934 Siniste-

453 1969 1937 1994 Μ

502 2038 562 2079 (a)
593 2030 678 2065 Tib.
707 2029 729 2061 Ι.
760 2035 808 2070 59.
838 2031 884 2064 8¹.
915 2025 968 2063 36.

500 2095 557 2136 (Il)
592 2090 678 2124 Tab.
707 2089 729 2120 l.
761 2093 812 2128 84.
844 2092 894 2128 87.
923 2093 976 2130 89
1005 2097 1061 2131 9ο,

503 2151 556 2191 (c)
584 2147 669 2181 Tab.
699 2145 721 2177 1.
751 2152 805 2186 94.
835 2153 884 2187 95.

500 2207 559 2251 (sl)
585 2206 670 2239 Tab.
700 2203 721 2235 l.
751 2212 804 2245 94.
834 2212 883 2246 95.

503 2261 558 2302 (a)
585 2258 670 2291 Tab.
698 2259 720 2291 1.
750 2266 800 2301 87.
829 2265 882 2298 88.
