<?xml version="1.0" encoding="UTF-8"?>
<!DOCTYPE html PUBLIC "-//W3C//DTD XHTML 1.0 Transitional//EN"
    "http://www.w3.org/TR/xhtml1/DTD/xhtml1-transitional.dtd">
<html xmlns="http://www.w3.org/1999/xhtml" xml:lang="en" lang="en">
 <head>
  <title>
</title>
<meta http-equiv="Content-Type" content="text/html;charset=utf-8" />
  <meta name='ocr-system' content='tesseract 3.04.00' />
  <meta name='ocr-capabilities' content='ocr_page ocr_carea ocr_par ocr_line ocrx_word'/>
</head>
<body>
  <div class='ocr_page' id='page_1' title='image "./actaacademiae82impe/actaacademiae82impe_0296.png"; bbox 0 0 2111 2828; ppageno 0'>
   <div class='ocr_carea' id='block_1_1' title="bbox 893 124 1451 184">
    <p class='ocr_par' dir='ltr' id='par_1_1' title="bbox 893 124 1451 184">
     <span class='ocr_line' id='line_1_1' title="bbox 893 124 1451 184; baseline 0.009 -8"><span class='ocrx_word' id='word_1_1' title='bbox 893 127 1010 177; x_wconf 65' lang='lat'>»2013</span> <span class='ocrx_word' id='word_1_2' title='bbox 1074 124 1092 182; x_wconf 86' lang='lat' dir='ltr'>l</span> <span class='ocrx_word' id='word_1_3' title='bbox 1131 138 1221 177; x_wconf 83' lang='lat'>242</span> <span class='ocrx_word' id='word_1_4' title='bbox 1258 126 1274 184; x_wconf 97' lang='lat'>(</span> <span class='ocrx_word' id='word_1_5' title='bbox 1335 131 1451 181; x_wconf 54' lang='lat'>53³3·-</span> 
     </span>
    </p>
   </div>
   <div class='ocr_carea' id='block_1_2' title="bbox 434 237 1940 1527">
    <p class='ocr_par' dir='ltr' id='par_1_2' title="bbox 434 237 1940 1527">
     <span class='ocr_line' id='line_1_2' title="bbox 434 237 1913 296; baseline 0.005 -17"><span class='ocrx_word' id='word_1_6' title='bbox 434 242 506 287; x_wconf 80' lang='lat' dir='ltr'>fini</span> <span class='ocrx_word' id='word_1_7' title='bbox 554 242 674 282; x_wconf 83' lang='lat' dir='ltr'>striae</span> <span class='ocrx_word' id='word_1_8' title='bbox 719 246 760 278; x_wconf 81' lang='lat' dir='ltr'>et</span> <span class='ocrx_word' id='word_1_9' title='bbox 801 237 884 279; x_wconf 87' lang='lat' dir='ltr'>sedi</span> <span class='ocrx_word' id='word_1_10' title='bbox 934 238 1162 292; x_wconf 82' lang='lat' dir='ltr'>superioris</span> <span class='ocrx_word' id='word_1_11' title='bbox 1200 240 1313 289; x_wconf 87' lang='lat' dir='ltr'>foci,</span> <span class='ocrx_word' id='word_1_12' title='bbox 1366 241 1563 295; x_wconf 84' lang='lat' dir='ltr'>pollicem</span> <span class='ocrx_word' id='word_1_13' title='bbox 1603 245 1716 296; x_wconf 86' lang='lat' dir='ltr'>quafi</span> <span class='ocrx_word' id='word_1_14' title='bbox 1753 246 1792 288; x_wconf 89' lang='lat' dir='ltr'>in</span> <span class='ocrx_word' id='word_1_15' title='bbox 1828 247 1913 290; x_wconf 85' lang='lat' dir='ltr'>lioc</span> 
     </span>
     <span class='ocr_line' id='line_1_3' title="bbox 436 302 1915 358; baseline 0.005 -14"><span class='ocrx_word' id='word_1_16' title='bbox 436 306 625 357; x_wconf 82' lang='lat' dir='ltr'>margine</span> <span class='ocrx_word' id='word_1_17' title='bbox 660 316 681 342; x_wconf 82' lang='lat' dir='ltr'>a</span> <span class='ocrx_word' id='word_1_18' title='bbox 719 304 814 345; x_wconf 84' lang='lat' dir='ltr'>stria</span> <span class='ocrx_word' id='word_1_19' title='bbox 848 302 1046 352; x_wconf 78' lang='lat' dir='ltr'>distantis,</span> <span class='ocrx_word' id='word_1_20' title='bbox 1082 306 1326 358; x_wconf 85' lang='lat' dir='ltr'>intercedit;</span> <span class='ocrx_word' id='word_1_21' title='bbox 1380 306 1601 348; x_wconf 73' lang='lat' dir='ltr'>sinisterius</span> <span class='ocrx_word' id='word_1_22' title='bbox 1637 310 1758 350; x_wconf 85' lang='lat' dir='ltr'>iuxta</span> <span class='ocrx_word' id='word_1_23' title='bbox 1792 310 1915 354; x_wconf 81' lang='lat' dir='ltr'>fibras</span> 
     </span>
     <span class='ocr_line' id='line_1_4' title="bbox 434 367 1918 426; baseline 0.003 -15"><span class='ocrx_word' id='word_1_24' title='bbox 434 370 587 414; x_wconf 79' lang='lat' dir='ltr'>ordinis</span> <span class='ocrx_word' id='word_1_25' title='bbox 623 367 790 410; x_wconf 85' lang='lat' dir='ltr'>secundi</span> <span class='ocrx_word' id='word_1_26' title='bbox 822 377 864 409; x_wconf 89' lang='lat' dir='ltr'>et</span> <span class='ocrx_word' id='word_1_27' title='bbox 897 369 1096 422; x_wconf 83' lang='lat' dir='ltr'>proxime</span> <span class='ocrx_word' id='word_1_28' title='bbox 1131 371 1182 412; x_wconf 92' lang='lat' dir='ltr'>ad</span> <span class='ocrx_word' id='word_1_29' title='bbox 1207 371 1351 412; x_wconf 81' lang='lat' dir='ltr'>focum</span> <span class='ocrx_word' id='word_1_30' title='bbox 1378 371 1635 426; x_wconf 84' lang='lat' dir='ltr'>superiorem</span> <span class='ocrx_word' id='word_1_31' title='bbox 1664 369 1765 426; x_wconf 81' lang='lat' dir='ltr'>(a),</span> <span class='ocrx_word' id='word_1_32' title='bbox 1791 386 1918 425; x_wconf 88' lang='lat' dir='ltr'>quem</span> 
     </span>
     <span class='ocr_line' id='line_1_5' title="bbox 438 431 1924 490; baseline 0.002 -16"><span class='ocrx_word' id='word_1_33' title='bbox 438 433 566 490; x_wconf 84' lang='lat' dir='ltr'>quasi,</span> <span class='ocrx_word' id='word_1_34' title='bbox 603 431 702 472; x_wconf 88' lang='lat' dir='ltr'>dum</span> <span class='ocrx_word' id='word_1_35' title='bbox 740 434 983 474; x_wconf 78' lang='lat' dir='ltr'>inferiorern</span> <span class='ocrx_word' id='word_1_36' title='bbox 1022 435 1165 477; x_wconf 89' lang='lat' dir='ltr'>focum</span> <span class='ocrx_word' id='word_1_37' title='bbox 1201 435 1444 490; x_wconf 87' lang='lat' dir='ltr'>perficiunt,</span> <span class='ocrx_word' id='word_1_38' title='bbox 1495 450 1587 478; x_wconf 87' lang='lat' dir='ltr'>cum</span> <span class='ocrx_word' id='word_1_39' title='bbox 1625 438 1775 478; x_wconf 87' lang='lat' dir='ltr'>eodem</span> <span class='ocrx_word' id='word_1_40' title='bbox 1817 451 1924 479; x_wconf 87' lang='lat' dir='ltr'>con-</span> 
     </span>
     <span class='ocr_line' id='line_1_6' title="bbox 437 498 1921 554; baseline 0.001 -13"><span class='ocrx_word' id='word_1_41' title='bbox 437 501 629 553; x_wconf 79' lang='lat' dir='ltr'>iungunt.</span> <span class='ocrx_word' id='word_1_42' title='bbox 697 498 818 538; x_wconf 85' lang='lat' dir='ltr'>Haud</span> <span class='ocrx_word' id='word_1_43' title='bbox 858 498 1035 551; x_wconf 76' lang='lat' dir='ltr'>singulae</span> <span class='ocrx_word' id='word_1_44' title='bbox 1074 510 1214 541; x_wconf 82' lang='lat' dir='ltr'>tamen</span> <span class='ocrx_word' id='word_1_45' title='bbox 1252 502 1301 542; x_wconf 85' lang='lat' dir='ltr'>ad</span> <span class='ocrx_word' id='word_1_46' title='bbox 1337 503 1478 542; x_wconf 85' lang='lat' dir='ltr'>focum</span> <span class='ocrx_word' id='word_1_47' title='bbox 1503 503 1753 554; x_wconf 83' lang='lat' dir='ltr'>perueniunt</span> <span class='ocrx_word' id='word_1_48' title='bbox 1779 502 1921 543; x_wconf 83' lang='lat' dir='ltr'>fibrae.</span> 
     </span>
     <span class='ocr_line' id='line_1_7' title="bbox 440 562 1922 621; baseline 0.002 -17"><span class='ocrx_word' id='word_1_49' title='bbox 440 564 660 619; x_wconf 75' lang='lat' dir='ltr'><strong>Quaedam</strong></span> <span class='ocrx_word' id='word_1_50' title='bbox 698 575 840 605; x_wconf 85' lang='lat' dir='ltr'>carum</span> <span class='ocrx_word' id='word_1_51' title='bbox 879 562 1089 618; x_wconf 79' lang='lat' dir='ltr'>longiores</span> <span class='ocrx_word' id='word_1_52' title='bbox 1125 564 1201 621; x_wconf 83' lang='lat' dir='ltr'>(b)</span> <span class='ocrx_word' id='word_1_53' title='bbox 1238 566 1286 607; x_wconf 87' lang='lat' dir='ltr'>ad</span> <span class='ocrx_word' id='word_1_54' title='bbox 1323 566 1442 607; x_wconf 89' lang='lat' dir='ltr'>illum</span> <span class='ocrx_word' id='word_1_55' title='bbox 1472 566 1727 620; x_wconf 82' lang='lat' dir='ltr'>pertingunt.</span> <span class='ocrx_word' id='word_1_56' title='bbox 1800 566 1922 607; x_wconf 75' lang='lat' dir='ltr'>Aliae</span> 
     </span>
     <span class='ocr_line' id='line_1_8' title="bbox 441 628 1922 683; baseline -0.001 -12"><span class='ocrx_word' id='word_1_57' title='bbox 441 629 679 677; x_wconf 82' lang='lat' dir='ltr'>bi·euioi·eS‚</span> <span class='ocrx_word' id='word_1_58' title='bbox 716 628 1047 682; x_wconf 75' lang='lat' dir='ltr'>comprehensae</span> <span class='ocrx_word' id='word_1_59' title='bbox 1086 632 1193 671; x_wconf 88' lang='lat' dir='ltr'>iuter</span> <span class='ocrx_word' id='word_1_60' title='bbox 1228 631 1398 683; x_wconf 74' lang='lat' dir='ltr'>longas,</span> <span class='ocrx_word' id='word_1_61' title='bbox 1432 642 1657 683; x_wconf 77' lang='lat' dir='ltr'>antequam</span> <span class='ocrx_word' id='word_1_62' title='bbox 1695 631 1742 671; x_wconf 91' lang='lat' dir='ltr'>ad</span> <span class='ocrx_word' id='word_1_63' title='bbox 1777 631 1922 672; x_wconf 88' lang='lat' dir='ltr'>focum</span> 
     </span>
     <span class='ocr_line' id='line_1_9' title="bbox 443 693 1929 751; baseline 0 -17"><span class='ocrx_word' id='word_1_64' title='bbox 443 693 693 751; x_wconf 81' lang='lat' dir='ltr'>perueniunt</span> <span class='ocrx_word' id='word_1_65' title='bbox 715 723 726 742; x_wconf 89' lang='lat'>,</span> <span class='ocrx_word' id='word_1_66' title='bbox 761 694 804 734; x_wconf 85' lang='lat' dir='ltr'>in</span> <span class='ocrx_word' id='word_1_67' title='bbox 841 693 941 746; x_wconf 81' lang='lat' dir='ltr'>ipsas</span> <span class='ocrx_word' id='word_1_68' title='bbox 979 693 1051 735; x_wconf 85' lang='lat' dir='ltr'>has</span> <span class='ocrx_word' id='word_1_69' title='bbox 1084 695 1228 748; x_wconf 80' lang='lat' dir='ltr'>longas</span> <span class='ocrx_word' id='word_1_70' title='bbox 1266 697 1499 736; x_wconf 85' lang='lat' dir='ltr'>inseruntur</span> <span class='ocrx_word' id='word_1_71' title='bbox 1532 693 1624 750; x_wconf 83' lang='lat' dir='ltr'>(c),</span> <span class='ocrx_word' id='word_1_72' title='bbox 1656 695 1825 749; x_wconf 86' lang='lat' dir='ltr'>reliquo</span> <span class='ocrx_word' id='word_1_73' title='bbox 1864 696 1929 734; x_wconf 85' lang='lat' dir='ltr'>in-</span> 
     </span>
     <span class='ocr_line' id='line_1_10' title="bbox 443 758 1927 815; baseline -0.001 -15"><span class='ocrx_word' id='word_1_74' title='bbox 443 770 505 800; x_wconf 86' lang='lat' dir='ltr'>ter</span> <span class='ocrx_word' id='word_1_75' title='bbox 551 770 618 799; x_wconf 87' lang='lat' dir='ltr'>eas</span> <span class='ocrx_word' id='word_1_76' title='bbox 666 758 887 799; x_wconf 80' lang='lat' dir='ltr'>interstitio</span> <span class='ocrx_word' id='word_1_77' title='bbox 933 758 1200 813; x_wconf 79' lang='lat' dir='ltr'>fingularibus</span> <span class='ocrx_word' id='word_1_78' title='bbox 1247 759 1409 800; x_wconf 85' lang='lat' dir='ltr'>fibrillis</span> <span class='ocrx_word' id='word_1_79' title='bbox 1445 758 1517 815; x_wconf 85' lang='lat' dir='ltr'>(d)</span> <span class='ocrx_word' id='word_1_80' title='bbox 1553 760 1732 814; x_wconf 86' lang='lat' dir='ltr'>repleto.</span> <span class='ocrx_word' id='word_1_81' title='bbox 1803 759 1927 799; x_wconf 81' lang='lat' dir='ltr'>Aliae</span> 
     </span>
     <span class='ocr_line' id='line_1_11' title="bbox 444 822 1922 880; baseline -0.001 -15"><span class='ocrx_word' id='word_1_82' title='bbox 444 824 516 866; x_wconf 90' lang='lat' dir='ltr'>sub</span> <span class='ocrx_word' id='word_1_83' title='bbox 551 822 708 876; x_wconf 83' lang='lat' dir='ltr'>angulo</span> <span class='ocrx_word' id='word_1_84' title='bbox 745 823 982 865; x_wconf 83' lang='lat' dir='ltr'>insertionis</span> <span class='ocrx_word' id='word_1_85' title='bbox 1018 827 1210 880; x_wconf 84' lang='lat' dir='ltr'>priorum</span> <span class='ocrx_word' id='word_1_86' title='bbox 1249 825 1286 866; x_wconf 89' lang='lat' dir='ltr'>se</span> <span class='ocrx_word' id='word_1_87' title='bbox 1323 825 1506 878; x_wconf 84' lang='lat' dir='ltr'>recipere</span> <span class='ocrx_word' id='word_1_88' title='bbox 1540 822 1631 879; x_wconf 76' lang='lat' dir='ltr'>(e),</span> <span class='ocrx_word' id='word_1_89' title='bbox 1664 825 1767 865; x_wconf 75' lang='lat' dir='ltr'>aliae</span> <span class='ocrx_word' id='word_1_90' title='bbox 1805 823 1922 877; x_wconf 80' lang='lat' dir='ltr'>supet</span> 
     </span>
     <span class='ocr_line' id='line_1_12' title="bbox 444 887 1930 944; baseline 0.001 -15"><span class='ocrx_word' id='word_1_91' title='bbox 444 888 539 930; x_wconf 76' lang='lat' dir='ltr'>alias</span> <span class='ocrx_word' id='word_1_92' title='bbox 577 887 763 937; x_wconf 79' lang='lat' dir='ltr'>transire,</span> <span class='ocrx_word' id='word_1_93' title='bbox 790 889 999 931; x_wconf 83' lang='lat' dir='ltr'>videniur.</span> <span class='ocrx_word' id='word_1_94' title='bbox 1066 887 1260 944; x_wconf 76' lang='lat' dir='ltr'>Singulae</span> <span class='ocrx_word' id='word_1_95' title='bbox 1296 901 1435 930; x_wconf 87' lang='lat' dir='ltr'>tamen</span> <span class='ocrx_word' id='word_1_96' title='bbox 1474 902 1526 929; x_wconf 91' lang='lat' dir='ltr'>eo</span> <span class='ocrx_word' id='word_1_97' title='bbox 1562 890 1686 930; x_wconf 60' lang='lat' dir='ltr'>duciu</span> <span class='ocrx_word' id='word_1_98' title='bbox 1723 889 1930 937; x_wconf 82' lang='lat' dir='ltr'>feruntur,</span> 
     </span>
     <span class='ocr_line' id='line_1_13' title="bbox 443 951 1929 1007; baseline 0 -13"><span class='ocrx_word' id='word_1_99' title='bbox 443 965 492 994; x_wconf 80' lang='lat' dir='ltr'>vt</span> <span class='ocrx_word' id='word_1_100' title='bbox 543 952 665 993; x_wconf 91' lang='lat' dir='ltr'>simul</span> <span class='ocrx_word' id='word_1_101' title='bbox 718 954 875 993; x_wconf 77' lang='lat' dir='ltr'>sumtae</span> <span class='ocrx_word' id='word_1_102' title='bbox 925 966 1073 995; x_wconf 88' lang='lat' dir='ltr'>omnes</span> <span class='ocrx_word' id='word_1_103' title='bbox 1124 955 1326 995; x_wconf 80' lang='lat' dir='ltr'>radiatam</span> <span class='ocrx_word' id='word_1_104' title='bbox 1363 954 1475 994; x_wconf 86' lang='lat' dir='ltr'>illam</span> <span class='ocrx_word' id='word_1_105' title='bbox 1513 953 1689 1007; x_wconf 80' lang='lat' dir='ltr'>figuram</span> <span class='ocrx_word' id='word_1_106' title='bbox 1727 951 1929 994; x_wconf 78' lang='lat' dir='ltr'>efficiant.</span> 
     </span>
     <span class='ocr_line' id='line_1_14' title="bbox 445 1016 1931 1069; baseline -0.001 -10"><span class='ocrx_word' id='word_1_107' title='bbox 445 1016 684 1060; x_wconf 83' lang='lat' dir='ltr'>Coalitione</span> <span class='ocrx_word' id='word_1_108' title='bbox 719 1018 960 1058; x_wconf 89' lang='lat' dir='ltr'>inordinata</span> <span class='ocrx_word' id='word_1_109' title='bbox 994 1017 1075 1059; x_wconf 86' lang='lat' dir='ltr'>hae</span> <span class='ocrx_word' id='word_1_110' title='bbox 1111 1017 1244 1059; x_wconf 85' lang='lat' dir='ltr'>fibrae</span> <span class='ocrx_word' id='word_1_111' title='bbox 1282 1018 1442 1060; x_wconf 83' lang='lat' dir='ltr'>ordinis</span> <span class='ocrx_word' id='word_1_112' title='bbox 1479 1020 1592 1059; x_wconf 89' lang='lat' dir='ltr'>tertii</span> <span class='ocrx_word' id='word_1_113' title='bbox 1640 1018 1681 1056; x_wconf 90' lang='lat' dir='ltr'>in</span> <span class='ocrx_word' id='word_1_114' title='bbox 1726 1017 1931 1069; x_wconf 83' lang='lat' dir='ltr'>superiori</span> 
     </span>
     <span class='ocr_line' id='line_1_15' title="bbox 447 1080 1931 1138; baseline -0.001 -17"><span class='ocrx_word' id='word_1_115' title='bbox 447 1081 676 1122; x_wconf 84' lang='lat' dir='ltr'>ventriculi</span> <span class='ocrx_word' id='word_1_116' title='bbox 719 1080 930 1132; x_wconf 85' lang='lat' dir='ltr'>superficie</span> <span class='ocrx_word' id='word_1_117' title='bbox 969 1084 1159 1123; x_wconf 82' lang='lat' dir='ltr'>maxime</span> <span class='ocrx_word' id='word_1_118' title='bbox 1197 1082 1264 1138; x_wconf 83' lang='lat' dir='ltr'>(f)</span> <span class='ocrx_word' id='word_1_119' title='bbox 1288 1116 1298 1134; x_wconf 90' lang='lat'>‚</span> <span class='ocrx_word' id='word_1_120' title='bbox 1352 1083 1420 1123; x_wconf 89' lang='lat' dir='ltr'>vbi</span> <span class='ocrx_word' id='word_1_121' title='bbox 1458 1081 1632 1134; x_wconf 79' lang='lat' dir='ltr'>margini</span> <span class='ocrx_word' id='word_1_122' title='bbox 1671 1093 1774 1121; x_wconf 85' lang='lat' dir='ltr'>vero</span> <span class='ocrx_word' id='word_1_123' title='bbox 1811 1093 1931 1121; x_wconf 87' lang='lat' dir='ltr'>acce-</span> 
     </span>
     <span class='ocr_line' id='line_1_16' title="bbox 447 1144 1932 1202; baseline -0.001 -15"><span class='ocrx_word' id='word_1_124' title='bbox 447 1148 574 1196; x_wconf 84' lang='lat' dir='ltr'>dunt,</span> <span class='ocrx_word' id='word_1_125' title='bbox 620 1145 930 1199; x_wconf 68' lang='lat' dir='ltr'>distinctiones,</span> <span class='ocrx_word' id='word_1_126' title='bbox 983 1147 1166 1202; x_wconf 76' lang='lat' dir='ltr'>aliaeque</span> <span class='ocrx_word' id='word_1_127' title='bbox 1202 1163 1299 1202; x_wconf 86' lang='lat' dir='ltr'>prae</span> <span class='ocrx_word' id='word_1_128' title='bbox 1334 1147 1425 1188; x_wconf 84' lang='lat' dir='ltr'>aliis</span> <span class='ocrx_word' id='word_1_129' title='bbox 1460 1149 1690 1188; x_wconf 84' lang='lat' dir='ltr'>eminentes</span> <span class='ocrx_word' id='word_1_130' title='bbox 1729 1144 1834 1199; x_wconf 83' lang='lat' dir='ltr'>(g),</span> <span class='ocrx_word' id='word_1_131' title='bbox 1888 1155 1932 1185; x_wconf 86' lang='lat' dir='ltr'>et</span> 
     </span>
     <span class='ocr_line' id='line_1_17' title="bbox 450 1209 1933 1265; baseline -0.003 -12"><span class='ocrx_word' id='word_1_132' title='bbox 450 1211 551 1253; x_wconf 88' lang='lat' dir='ltr'>dum</span> <span class='ocrx_word' id='word_1_133' title='bbox 591 1224 663 1265; x_wconf 86' lang='lat' dir='ltr'>per</span> <span class='ocrx_word' id='word_1_134' title='bbox 698 1211 946 1252; x_wconf 80' lang='lat' dir='ltr'>inferiorem</span> <span class='ocrx_word' id='word_1_135' title='bbox 985 1215 1236 1254; x_wconf 81' lang='lat' dir='ltr'>continuant</span> <span class='ocrx_word' id='word_1_136' title='bbox 1271 1212 1567 1265; x_wconf 87' lang='lat' dir='ltr'>superficiem,</span> <span class='ocrx_word' id='word_1_137' title='bbox 1619 1210 1770 1262; x_wconf 83' lang='lat' dir='ltr'>longae</span> <span class='ocrx_word' id='word_1_138' title='bbox 1794 1239 1803 1256; x_wconf 88' lang='lat'>‚</span> <span class='ocrx_word' id='word_1_139' title='bbox 1857 1209 1933 1249; x_wconf 85' lang='lat' dir='ltr'>sibi</span> 
     </span>
     <span class='ocr_line' id='line_1_18' title="bbox 453 1273 1938 1330; baseline -0.006 -12"><span class='ocrx_word' id='word_1_140' title='bbox 453 1288 605 1317; x_wconf 87' lang='lat' dir='ltr'>mutuo</span> <span class='ocrx_word' id='word_1_141' title='bbox 641 1275 881 1330; x_wconf 82' lang='lat' dir='ltr'>parallelae,</span> <span class='ocrx_word' id='word_1_142' title='bbox 918 1276 1079 1319; x_wconf 85' lang='lat' dir='ltr'>fibrillis</span> <span class='ocrx_word' id='word_1_143' title='bbox 1115 1279 1386 1327; x_wconf 76' lang='lat' dir='ltr'>breuiss&#39;iinis,</span> <span class='ocrx_word' id='word_1_144' title='bbox 1421 1290 1543 1330; x_wconf 76' lang='lat' dir='ltr'>aegre</span> <span class='ocrx_word' id='word_1_145' title='bbox 1577 1274 1830 1327; x_wconf 83' lang='lat' dir='ltr'>conspicuis,</span> <span class='ocrx_word' id='word_1_146' title='bbox 1871 1273 1938 1310; x_wconf 86' lang='lat' dir='ltr'>iri·</span> 
     </span>
     <span class='ocr_line' id='line_1_19' title="bbox 452 1339 1938 1398; baseline -0.003 -16"><span class='ocrx_word' id='word_1_147' title='bbox 452 1351 519 1384; x_wconf 86' lang='lat' dir='ltr'>ter</span> <span class='ocrx_word' id='word_1_148' title='bbox 572 1340 610 1380; x_wconf 91' lang='lat' dir='ltr'>se</span> <span class='ocrx_word' id='word_1_149' title='bbox 660 1340 892 1382; x_wconf 80' lang='lat' dir='ltr'>cohaerere</span> <span class='ocrx_word' id='word_1_150' title='bbox 945 1345 1138 1385; x_wconf 85' lang='lat' dir='ltr'>videntur</span> <span class='ocrx_word' id='word_1_151' title='bbox 1183 1342 1286 1398; x_wconf 80' lang='lat' dir='ltr'><em>(h).</em></span> <span class='ocrx_word' id='word_1_152' title='bbox 1350 1342 1582 1382; x_wconf 72' lang='lat' dir='ltr'>Manifestis</span> <span class='ocrx_word' id='word_1_153' title='bbox 1624 1339 1846 1389; x_wconf 78' lang='lat' dir='ltr'>longisque</span> <span class='ocrx_word' id='word_1_154' title='bbox 1893 1343 1938 1376; x_wconf 88' lang='lat' dir='ltr'>et</span> 
     </span>
     <span class='ocr_line' id='line_1_20' title="bbox 451 1399 1940 1461; baseline -0.003 -14"><span class='ocrx_word' id='word_1_155' title='bbox 451 1405 641 1461; x_wconf 86' lang='lat' dir='ltr'>pulchris</span> <span class='ocrx_word' id='word_1_156' title='bbox 677 1405 859 1456; x_wconf 78' lang='lat' dir='ltr'>fibrinis,</span> <span class='ocrx_word' id='word_1_157' title='bbox 896 1407 965 1447; x_wconf 91' lang='lat' dir='ltr'>vbi</span> <span class='ocrx_word' id='word_1_158' title='bbox 1002 1407 1097 1449; x_wconf 84' lang='lat' dir='ltr'>foco</span> <span class='ocrx_word' id='word_1_159' title='bbox 1131 1411 1333 1450; x_wconf 83' lang='lat' dir='ltr'>accedunt</span> <span class='ocrx_word' id='word_1_160' title='bbox 1369 1405 1673 1450; x_wconf 70' lang='lat' dir='ltr'>conueaestuntur</span> <span class='ocrx_word' id='word_1_161' title='bbox 1710 1399 1801 1456; x_wconf 84' lang='lat' dir='ltr'>(i).</span> <span class='ocrx_word' id='word_1_162' title='bbox 1850 1400 1940 1442; x_wconf 83' lang='lat' dir='ltr'>Ha-</span> 
     </span>
     <span class='ocr_line' id='line_1_21' title="bbox 452 1465 1937 1527; baseline -0.005 -14"><span class='ocrx_word' id='word_1_163' title='bbox 452 1485 548 1513; x_wconf 81' lang='lat' dir='ltr'>rum</span> <span class='ocrx_word' id='word_1_164' title='bbox 590 1473 796 1524; x_wconf 76' lang='lat' dir='ltr'>quaedam</span> <span class='ocrx_word' id='word_1_165' title='bbox 833 1471 1028 1525; x_wconf 76' lang='lat' dir='ltr'>singulari</span> <span class='ocrx_word' id='word_1_166' title='bbox 1064 1485 1217 1525; x_wconf 79' lang='lat' dir='ltr'>genere</span> <span class='ocrx_word' id='word_1_167' title='bbox 1254 1473 1381 1514; x_wconf 87' lang='lat' dir='ltr'>fibrae</span> <span class='ocrx_word' id='word_1_168' title='bbox 1418 1471 1555 1527; x_wconf 80' lang='lat' dir='ltr'>quasi,</span> <span class='ocrx_word' id='word_1_169' title='bbox 1611 1468 1700 1508; x_wconf 76' lang='lat' dir='ltr'>satis</span> <span class='ocrx_word' id='word_1_170' title='bbox 1758 1465 1937 1515; x_wconf 74' lang='lat' dir='ltr'>crassae,</span> 
     </span>
    </p>
   </div>
   <div class='ocr_carea' id='block_1_3' title="bbox 452 1530 1939 1643">
    <p class='ocr_par' dir='ltr' id='par_1_3' title="bbox 452 1530 1939 1643">
     <span class='ocr_line' id='line_1_22' title="bbox 452 1530 1939 1596; baseline -0.005 -19"><span class='ocrx_word' id='word_1_171' title='bbox 452 1535 636 1583; x_wconf 85' lang='lat' dir='ltr'>breues,</span> <span class='ocrx_word' id='word_1_172' title='bbox 689 1537 768 1576; x_wconf 77' lang='lat' dir='ltr'>effe</span> <span class='ocrx_word' id='word_1_173' title='bbox 806 1537 1005 1580; x_wconf 81' lang='lat' dir='ltr'>videntur</span> <span class='ocrx_word' id='word_1_174' title='bbox 1042 1539 1240 1593; x_wconf 87' lang='lat' dir='ltr'>obliquae</span> <span class='ocrx_word' id='word_1_175' title='bbox 1278 1534 1382 1596; x_wconf 79' lang='lat' dir='ltr'><em>(k),</em></span> <span class='ocrx_word' id='word_1_176' title='bbox 1438 1536 1589 1594; x_wconf 88' lang='lat' dir='ltr'>quibus</span> <span class='ocrx_word' id='word_1_177' title='bbox 1626 1533 1769 1574; x_wconf 82' lang='lat' dir='ltr'>solitae</span> <span class='ocrx_word' id='word_1_178' title='bbox 1807 1530 1939 1571; x_wconf 71' lang='lat' dir='ltr'>fibrae</span> 
     </span>
     <span class='ocr_line' id='line_1_23' title="bbox 454 1602 777 1643; baseline 0 -1"><span class='ocrx_word' id='word_1_179' title='bbox 454 1602 777 1643; x_wconf 65' lang='lat' dir='ltr'>connestuntun</span> 
     </span>
    </p>
   </div>
   <div class='ocr_carea' id='block_1_4' title="bbox 1830 1652 1942 1698">
    <p class='ocr_par' dir='ltr' id='par_1_4' title="bbox 1830 1652 1942 1698">
     <span class='ocr_line' id='line_1_24' title="bbox 1830 1652 1942 1698; baseline -0.018 0"><span class='ocrx_word' id='word_1_180' title='bbox 1830 1652 1942 1698; x_wconf 70' lang='lat' dir='ltr'>Ordo</span> 
     </span>
    </p>
   </div>
   <div class='ocr_carea' id='block_1_5' title="bbox 462 1741 1942 1766">
    <p class='ocr_par' dir='ltr' id='par_1_5' title="bbox 462 1741 1942 1766">
     <span class='ocr_line' id='line_1_25' title="bbox 462 1741 1942 1766; baseline -0.003 -6"><span class='ocrx_word' id='word_1_181' title='bbox 462 1741 1942 1766; x_wconf 47' lang='grc' dir='ltr'><em>Μ</em></span> 
     </span>
    </p>
   </div>
   <div class='ocr_carea' id='block_1_6' title="bbox 507 1791 1309 2290">
    <p class='ocr_par' dir='ltr' id='par_1_6' title="bbox 507 1791 844 1835">
     <span class='ocr_line' id='line_1_26' title="bbox 507 1791 844 1835; baseline -0.012 -8"><span class='ocrx_word' id='word_1_182' title='bbox 507 1794 566 1835; x_wconf 52' lang='grc' dir='ltr'>(α)</span> <span class='ocrx_word' id='word_1_183' title='bbox 598 1791 683 1824; x_wconf 66' lang='lat' dir='ltr'>Tala.</span> <span class='ocrx_word' id='word_1_184' title='bbox 713 1793 763 1823; x_wconf 90' lang='lat' dir='ltr'>lll.</span> <span class='ocrx_word' id='word_1_185' title='bbox 793 1802 844 1834; x_wconf 57' lang='lat'>50.</span> 
     </span>
    </p>

    <p class='ocr_par' dir='ltr' id='par_1_7' title="bbox 507 1841 1309 1935">
     <span class='ocr_line' id='line_1_27' title="bbox 507 1841 1309 1887; baseline 0.002 -13"><span class='ocrx_word' id='word_1_186' title='bbox 507 1841 566 1881; x_wconf 63' lang='lat' dir='ltr'>(b)</span> <span class='ocrx_word' id='word_1_187' title='bbox 594 1841 676 1875; x_wconf 56' lang='lat' dir='ltr'>&#39;salx</span> <span class='ocrx_word' id='word_1_188' title='bbox 709 1843 759 1874; x_wconf 86' lang='lat' dir='ltr'>lll.</span> <span class='ocrx_word' id='word_1_189' title='bbox 796 1853 845 1883; x_wconf 56' lang='grc' dir='ltr'>Ἃ).</span> <span class='ocrx_word' id='word_1_190' title='bbox 876 1851 926 1877; x_wconf 60' lang='lat'>30.</span> <span class='ocrx_word' id='word_1_191' title='bbox 957 1851 998 1879; x_wconf 70' lang='lat'>31.</span> <span class='ocrx_word' id='word_1_192' title='bbox 1028 1852 1073 1882; x_wconf 82' lang='lat'>32.</span> <span class='ocrx_word' id='word_1_193' title='bbox 1104 1854 1149 1887; x_wconf 79' lang='lat'>45.</span> <span class='ocrx_word' id='word_1_194' title='bbox 1178 1844 1231 1886; x_wconf 88' lang='lat'>46.</span> <span class='ocrx_word' id='word_1_195' title='bbox 1259 1854 1309 1884; x_wconf 76' lang='lat'>47.</span> 
     </span>
     <span class='ocr_line' id='line_1_28' title="bbox 510 1892 1004 1935; baseline -0.008 -8"><span class='ocrx_word' id='word_1_196' title='bbox 510 1895 564 1935; x_wconf 83' lang='lat' dir='ltr'>(c)</span> <span class='ocrx_word' id='word_1_197' title='bbox 594 1892 677 1924; x_wconf 63' lang='grc' dir='ltr'>Τὼ.</span> <span class='ocrx_word' id='word_1_198' title='bbox 708 1894 758 1924; x_wconf 93' lang='lat' dir='ltr'>lll.</span> <span class='ocrx_word' id='word_1_199' title='bbox 797 1902 847 1932; x_wconf 70' lang='lat'>44.</span> <span class='ocrx_word' id='word_1_200' title='bbox 877 1901 926 1933; x_wconf 55' lang='lat'>5³·</span> <span class='ocrx_word' id='word_1_201' title='bbox 955 1901 1004 1932; x_wconf 79' lang='lat'>42.</span> 
     </span>
    </p>

    <p class='ocr_par' dir='ltr' id='par_1_8' title="bbox 509 1941 928 1985">
     <span class='ocr_line' id='line_1_29' title="bbox 509 1941 928 1985; baseline -0.005 -9"><span class='ocrx_word' id='word_1_202' title='bbox 509 1941 566 1985; x_wconf 66' lang='grc' dir='ltr'>(τί)</span> <span class='ocrx_word' id='word_1_203' title='bbox 597 1943 680 1975; x_wconf 58' lang='lat' dir='ltr'>&#39;l‘ailu</span> <span class='ocrx_word' id='word_1_204' title='bbox 709 1944 761 1974; x_wconf 75' lang='grc' dir='ltr'>ΙΙΙ.</span> <span class='ocrx_word' id='word_1_205' title='bbox 799 1950 846 1981; x_wconf 71' lang='lat'>58.</span> <span class='ocrx_word' id='word_1_206' title='bbox 879 1948 928 1979; x_wconf 65' lang='lat'>¹35.</span> 
     </span>
    </p>

    <p class='ocr_par' dir='ltr' id='par_1_9' title="bbox 509 1992 987 2036">
     <span class='ocr_line' id='line_1_30' title="bbox 509 1992 987 2036; baseline -0.01 -9"><span class='ocrx_word' id='word_1_207' title='bbox 509 1995 561 2036; x_wconf 58' lang='grc' dir='ltr'>(εδ</span> <span class='ocrx_word' id='word_1_208' title='bbox 589 1992 673 2025; x_wconf 63' lang='lat' dir='ltr'>lai».</span> <span class='ocrx_word' id='word_1_209' title='bbox 703 1994 756 2024; x_wconf 90' lang='lat' dir='ltr'>Ill.</span> <span class='ocrx_word' id='word_1_210' title='bbox 793 2003 831 2034; x_wconf 76' lang='lat'>5¹·</span> <span class='ocrx_word' id='word_1_211' title='bbox 865 1992 911 2029; x_wconf 56' lang='lat'>30⁴</span> <span class='ocrx_word' id='word_1_212' title='bbox 939 2000 987 2031; x_wconf 73' lang='grc'>37.</span> 
     </span>
    </p>

    <p class='ocr_par' dir='ltr' id='par_1_10' title="bbox 511 2042 902 2088">
     <span class='ocr_line' id='line_1_31' title="bbox 511 2042 902 2088; baseline -0.008 -12"><span class='ocrx_word' id='word_1_213' title='bbox 511 2045 568 2088; x_wconf 71' lang='lat' dir='ltr'>(f)</span> <span class='ocrx_word' id='word_1_214' title='bbox 597 2042 681 2076; x_wconf 68' lang='grc' dir='ltr'>’[ἀὶ).</span> <span class='ocrx_word' id='word_1_215' title='bbox 710 2044 731 2075; x_wconf 91' lang='lat'>1.</span> <span class='ocrx_word' id='word_1_216' title='bbox 768 2049 819 2082; x_wconf 71' lang='lat'>84-</span> <span class='ocrx_word' id='word_1_217' title='bbox 849 2046 902 2079; x_wconf 82' lang='lat'>88.</span> 
     </span>
    </p>

    <p class='ocr_par' dir='ltr' id='par_1_11' title="bbox 508 2092 904 2139">
     <span class='ocr_line' id='line_1_32' title="bbox 508 2092 904 2139; baseline -0.01 -12"><span class='ocrx_word' id='word_1_218' title='bbox 508 2096 572 2139; x_wconf 87' lang='lat' dir='ltr'>(g)</span> <span class='ocrx_word' id='word_1_219' title='bbox 600 2093 684 2126; x_wconf 63' lang='grc' dir='ltr'>Ταῦ.</span> <span class='ocrx_word' id='word_1_220' title='bbox 716 2094 736 2125; x_wconf 89' lang='lat' dir='ltr'>l.</span> <span class='ocrx_word' id='word_1_221' title='bbox 776 2098 822 2135; x_wconf 79' lang='lat'>85.</span> <span class='ocrx_word' id='word_1_222' title='bbox 852 2092 904 2128; x_wconf 64' lang='lat'>86.</span> 
     </span>
    </p>

    <p class='ocr_par' dir='ltr' id='par_1_12' title="bbox 509 2143 994 2185">
     <span class='ocr_line' id='line_1_33' title="bbox 509 2143 994 2185; baseline -0.008 -8"><span class='ocrx_word' id='word_1_223' title='bbox 509 2146 566 2185; x_wconf 71' lang='lat' dir='ltr'>(li)</span> <span class='ocrx_word' id='word_1_224' title='bbox 594 2144 668 2176; x_wconf 77' lang='lat' dir='ltr'>&#39;I&#39;ab</span> <span class='ocrx_word' id='word_1_225' title='bbox 708 2144 760 2176; x_wconf 79' lang='lat'>111.</span> <span class='ocrx_word' id='word_1_226' title='bbox 788 2143 841 2182; x_wconf 82' lang='lat'>46.</span> <span class='ocrx_word' id='word_1_227' title='bbox 871 2151 924 2184; x_wconf 80' lang='grc'>49.</span> <span class='ocrx_word' id='word_1_228' title='bbox 951 2148 994 2181; x_wconf 74' lang='lat'>51·</span> 
     </span>
    </p>

    <p class='ocr_par' dir='ltr' id='par_1_13' title="bbox 508 2193 833 2239">
     <span class='ocr_line' id='line_1_34' title="bbox 508 2193 833 2239; baseline -0.003 -14"><span class='ocrx_word' id='word_1_229' title='bbox 508 2193 564 2239; x_wconf 84' lang='grc' dir='ltr'><strong>(ι’)</strong></span> <span class='ocrx_word' id='word_1_230' title='bbox 592 2194 665 2226; x_wconf 71' lang='grc' dir='ltr'>Τειὶ)</span> <span class='ocrx_word' id='word_1_231' title='bbox 705 2194 757 2226; x_wconf 92' lang='lat' dir='ltr'>lll.</span> <span class='ocrx_word' id='word_1_232' title='bbox 788 2202 833 2232; x_wconf 85' lang='lat'>37.</span> 
     </span>
    </p>

    <p class='ocr_par' dir='ltr' id='par_1_14' title="bbox 508 2241 931 2290">
     <span class='ocr_line' id='line_1_35' title="bbox 508 2241 931 2290; baseline -0.014 -12"><span class='ocrx_word' id='word_1_233' title='bbox 508 2241 575 2290; x_wconf 73' lang='lat' dir='ltr'>(k)</span> <span class='ocrx_word' id='word_1_234' title='bbox 604 2243 688 2277; x_wconf 78' lang='lat' dir='ltr'>Tab.</span> <span class='ocrx_word' id='word_1_235' title='bbox 715 2243 760 2275; x_wconf 74' lang='grc' dir='ltr'>Ηῐ</span> <span class='ocrx_word' id='word_1_236' title='bbox 798 2252 848 2283; x_wconf 80' lang='lat'>43.</span> <span class='ocrx_word' id='word_1_237' title='bbox 877 2249 931 2281; x_wconf 84' lang='grc'>43.</span> 
     </span>
    </p>
   </div>
  </div>
 </body>
</html>
