2111 2828
634 152 751 206 »ξος
815 147 1019 206 )225(·
1082 145 1200 200 5323„-

166 268 426 328 propri0que
459 268 705 319 dexterius,
758 267 833 310 nifi
870 266 919 308 ad
956 265 1116 321 septum
1153 259 1296 317 potius
1334 258 1442 302 lianc
1490 270 1654 316 partem

167 337 327 381 referre
351 336 482 383 velis,
518 334 672 388 pariete
697 330 771 394 (a)
809 333 1077 375 terminatur.
1145 328 1287 370 isouea
1323 326 1524 369 nimirum
1550 328 1655 370 dex-

170 404 297 445 terius
334 400 597 457 triangularis
632 396 731 456 (b)‚
783 413 891 453 quae
931 408 1050 438 retro
1090 407 1247 436 conum
1287 393 1536 434 asteriolum
1574 394 1657 448 est,

169 469 283 511 inter
317 480 472 510 conum
509 475 549 508 et
585 465 695 506 bafia
733 474 906 512 aot-tae,
942 462 1165 504 sinisterius
1200 458 1395 499 columna
1432 459 1655 514 triangula-

170 534 227 578 ris
266 546 415 575 carnea
455 529 550 590 (c),
604 531 707 572 hanc
745 529 880 571 sedem
920 528 1094 582 propius
1132 525 1179 565 ad
1217 523 1326 564 basin
1372 521 1469 566 loco
1505 531 1657 567 crenae'

172 611 400 652 occupant.
466 596 635 638 Mentio
659 597 745 637 iam
771 594 994 647 Vtriusque
1031 590 1154 632 huius
1191 588 1423 644 particulae
1458 589 1499 631 in
1533 603 1657 646 prae-

172 665 343 707 cedenti
379 662 666 706 dissertatione
700 662 751 702 de
787 659 904 700 fibris
940 661 1127 699 externis
1161 655 1384 697 ventriculi
1419 654 1563 699 dextri
1600 656 1659 698 fa·

172 730 266 783 cra,
301 729 396 777 vbi,
444 740 540 770 cum
578 739 712 781 neque
747 724 795 764 ad
834 726 1029 767 dextrum
1067 720 1379 772 ventriculum,
1432 732 1571 775 neque
1607 720 1658 764 ad

172 794 313 837 solitas
349 794 471 836 fibras
508 803 702 835 externas
740 789 910 841 finistri,
964 783 1165 831 columna
1201 787 1346 830 referri
1387 786 1531 842 poffit,
1567 795 1660 827 tan-

174 873 302 915 quam
341 859 442 916 lepti
477 852 572 912 pars
607 855 854 898 continuata
896 866 938 897 et
987 855 1114 895 fouea
1147 862 1189 896 et
1223 852 1424 894 columna
1475 851 1664 895 confide-

173 935 261 967 mta
298 925 370 965 est.
436 923 548 964 Haec
580 922 691 964 sedes
728 935 852 976 erg0,
888 920 972 962 fine
1006 933 1101 975 pars
1138 918 1242 973 septi
1279 916 1349 970 fit,
1385 916 1468 958 fiue
1505 918 1663 972 potius,

174 1002 272 1032 cum
308 987 410 1043 septi
441 998 634 1042 partem,
670 991 841 1042 Vtrique
867 985 1111 1028 ventriculo
1145 995 1451 1033 communem,
1487 994 1572 1023 nou
1607 980 1666 1023 ef-

172 1053 311 1107 ficiat,
345 1052 560 1106 fingularis
587 1054 732 1108 portio
767 1052 937 1108 parietis
964 1048 1196 1092 ventriculi
1231 1048 1377 1089 sinistri
1398 1078 1408 1098 ,
1444 1057 1528 1100 qua
1560 1048 1668 1104 dex}

173 1121 356 1160 troi-sum
383 1117 556 1171 oblique
583 1128 624 1160 et
654 1116 885 1159 retrorsum
922 1116 993 1157 hic
1028 1113 1227 1170 respicit,
1259 1125 1391 1170 prope
1424 1112 1534 1154 basin
1560 1113 1667 1155 dex‘-

173 1183 304 1226 terius
341 1182 546 1224 sinistrum
582 1182 869 1223 venti-lculum
908 1181 1110 1222 terminat
1146 1176 1217 1236 (d)
1255 1180 1329 1235 qui
1365 1186 1497 1221 crena
1520 1171 1669 1221 'hafte-

171 1259 251 1290 nus
285 1245 357 1305 (e)
391 1246 655 1290 dextrorsum
709 1247 955 1290 terminatus
1003 1256 1109 1290 erat.

323 1376 533 1422 Terminus
566 1379 731 1441 inferior
763 1382 803 1445 in
832 1380 944 1438 stria
987 1379 1122 1440 (Tab·
1161 1376 1239 1425 ῙΠ.
1273 1376 1329 1420 A·
1363 1377 1414 1421 E·
1449 1373 1518 1433 G)

370 1467 552 1515 inferior
585 1487 676 1528 pars
712 1474 904 1520 limitum
943 1475 1038 1519 stria
1074 1473 1162 1522 est,
1214 1472 1256 1514 in
1293 1471 1560 1528 praecedenti
1600 1485 1672 1526 pa«

178 1532 284 1574 riter
321 1532 623 1580 Difl'ertatione
673 1540 894 1596 descripta.
963 1541 1085 1582 Haec
1121 1538 1409 1580 ventriculum
1462 1539 1669 1579 sinistrum

179 1599 222 1638 in
265 1599 455 1645 inferiori
507 1603 855 1659 iuperficie‘per
901 1605 1044 1656 cordis
1094 1602 1406 1655 longitudinem
1444 1617 1467 1642 a
1504 1601 1585 1642 basi
1622 1601 1672 1642 ad

179 1662 343 1719 apicem
382 1679 513 1722 Vsque
551 1671 754 1712 terminat
789 1680 833 1713 et
868 1684 891 1712 a
925 1671 1085 1713 dextro
1121 1668 1334 1722 distinguit
1375 1667 1628 1710 ventriculo,

1516 1763 1672 1831 Termi·

549 1886 681 1891 ψ
685 1887 790 1891 ——-——-
795 1886 1069 1895 ——v-——qu—
1073 1885 1453 1894 ——-—--...—..-.---—-·
1646 1887 1679 1892 —

234 1935 282 1977 (a)
311 1931 396 1966 Tab.
423 1933 460 1965 II.
488 1933 511 1965 Ι.
538 1932 571 1966 Β.
599 1932 639 1966 D.

234 1998 277 2039 (b)
307 1992 390 2026 Tab.
420 1993 457 2025 11.
486 1997 514 2030 8.

234 2062 289 2104 (c)
317 2056 401 2090 Tab.
428 2055 466 2087 Il.
494 2064 522 2095 7.

237 2121 290 2168 (d)
318 2118 403 2152 Tab.
431 2117 468 2148 11.
496 2115 518 2146 1.
547 2114 581 2147 B.

238 2190 290 2233 (e)
319 2183 403 2219 Tab.
431 2182 454 2213 1.
484 2178 521 2212 C.
549 2177 632 2213 Tab.
661 2182 691 2214 II
716 2183 740 2217 I.

194 2276 290 2321 aaa
309 2273 421 2315 Acad
438 2267 538 2326 Imp.
556 2264 625 2309 Sc.
644 2265 756 2308 Ἱοηι.
773 2264 837 2310 Π.
851 2267 897 2314 Ρ.
915 2261 970 2309 11.
1251 2262 1286 2306 F
1303 2261 1332 2306 f
