2111 2828
891 123 1007 171 »gog
1072 120 1271 176 )236(
1334 125 1450 174 ἔρξω

442 238 650 283 inferioris
683 235 805 276 fibras
843 232 921 288 (a)
958 233 1113 276 abeant.
1182 233 1256 274 Vti
1292 233 1507 277 dexterius
1543 236 1639 279 inde
1674 252 1695 277 a
1728 240 1797 280 fiio
1832 242 1921 285 ori-

446 315 593 347 unium
647 312 688 341 et
742 300 859 340 sanes
897 300 1100 340 continuo
1139 300 1350 341 craffwres
1388 301 1584 349 enadunt,
1607 306 1818 354 magisque
1855 322 1920 348 ra-

445 365 636 410 mificati‚
666 375 706 406 et
742 364 1004 418 longioribus
1041 365 1094 406 sui
1132 364 1317 418 partibus
1353 379 1423 420 per
1460 366 1716 420 superiorem
1755 367 1923 420 superfi-

445 431 556 471 ciem
588 431 831 475 decurrunt,
851 438 1079 479 antequam
1110 430 1347 481 marginem
1369 432 1580 484 attingunt
1615 431 1817 472 sinistrum
1838 427 1922 486 (bi,

443 507 531 548 quo
568 494 765 548 superato
801 495 841 535 in
879 494 1129 536 inferiorem
1161 493 1423 550 superficiem
1446 496 1704 536 descendunt
1783 496 1924 538 Μικί-

445 561 505 600 mi
543 561 661 600 funes
698 561 804 608 sunt,
840 559 914 613 qui
948 573 970 599 a
1005 572 1144 613 prima
1179 571 1293 613 parte
1328 559 1388 602 fili
1426 561 1550 616 ipsius
1588 562 1810 612 oriuntur-3
1847 561 1921 613 qui

444 637 575 679 porro
627 624 844 666 dexterius
887 638 908 664 a
957 623 1115 665 nodulo
1159 624 1431 678 cartilagineo
1483 636 1524 666 et
1561 625 1609 664 ab
1648 637 1765 666 aorta
1797 626 1924 680 origi-

445 700 543 731 nem
579 689 752 742 habent,
790 690 977 731 minores
1012 689 1156 745 paulo,
1191 694 1235 730 in
1268 689 1352 732 hoc
1389 693 1480 732 (ane
1519 692 1661 743 corde⁷
1694 692 1889 735 euadunt.

702 819 931 876 Progreffiaes
957 818 1119 878 sunium
1153 819 1194 862 in
1215 819 1419 877 stapen'ori
1446 821 1671 879 ficpeificie.

635 898 732 940 Orti
768 913 790 939 a
827 899 1012 953 partibus
1049 898 1128 940 illis
1165 900 1306 948 funes,
1354 916 1377 942 a
1409 900 1483 941 filo
1520 913 1672 954 nempe
1710 897 1923 952 cartilagi-

445 974 529 1005 neo
562 964 761 1005 anteriori
798 963 973 1010 sinistro,
1012 979 1033 1005 a
1070 965 1226 1006 nodulo
1262 965 1444 1015 finistm,
1478 977 1519 1006 et
1556 965 1606 1005 ab
1644 974 1772 1014 aorta,
1816 964 1923 1005 obli-

446 1041 529 1082 que
582 1027 856 1070 sinistrorsum
911 1030 1051 1070 versus
1102 1031 1339 1083 marginem
1394 1041 1436 1070 et
1489 1029 1721 1071 antrorsum
1759 1029 1922 1081 apicem

443 1092 588 1132 versus
624 1093 873 1141 decurrunt,
910 1103 956 1133 vt
992 1092 1290 1145 longitudinali
1327 1095 1471 1136 dudini
1508 1103 1673 1144 tamen,
1708 1105 1791 1145 quo
1826 1104 1925 1132 ver-

443 1159 506 1199 sus
543 1156 708 1211 apicem
744 1157 947 1206 tendunt,
984 1159 1208 1212 propiores
1242 1159 1320 1200 fint
1355 1172 1480 1212 quam
1518 1156 1804 1204 transuersali,
1839 1168 1924 1210 quo

445 1223 590 1263 versus
626 1221 859 1275 marginem
899 1223 1253 1278 progrediuntur;
1289 1223 1501 1277 imprimis
1540 1222 1567 1262 fi
1606 1222 1655 1263 ad
1693 1223 1791 1262 axin
1827 1232 1923 1260 cor-

444 1286 524 1331 dis,
563 1286 643 1327 basi
682 1287 948 1335 verticalem‚
987 1286 1192 1339 respicias.
1262 1289 1585 1342 Progrediuntur
1617 1287 1695 1328 hac
1731 1284 1925 1326 dircc'tio·

444 1363 499 1392 ne
535 1352 738 1392 arcuatim
778 1352 1123 1405 quodammodO,
1161 1353 1396 1406 marginem
1435 1356 1576 1392 versus
1614 1349 1744 1402 magis
1781 1347 1925 1402 primo

444 1416 663 1458 tendentes
697 1414 799 1471 (c),
833 1417 985 1458 deinde
1019 1417 1169 1459 itinere
1204 1418 1451 1460 continuato
1486 1415 1617 1469 magis
1643 1414 1802 1467 apicem
1833 1424 1923 1454 ver-

443 1479 510 1522 sus
546 1481 647 1523 flexi
685 1478 762 1537 (d)
784 1511 795 1530 ,
828 1490 875 1522 Vt
909 1483 1100 1535 proximi
1136 1481 1432 1536 longitudinali
1467 1480 1609 1522 ductui
1635 1481 1679 1521 in
1704 1476 1794 1535 ipso
1814 1489 1925 1535 marss

438 1544 540 1600 gine
575 1545 670 1598 sint,
708 1544 928 1600 multoque
965 1559 1092 1601 quam
1126 1561 1260 1604 prope
1296 1546 1416 1588 filum
1452 1546 1683 1602 propiores.

779 1676 1040 1720 Enumeratio
1079 1677 1234 1732 sunium
1278 1678 1317 1720 in
1350 1675 1425 1718 hoc
1460 1675 1592 1717 corde.

633 1750 741 1793 Tres
777 1755 905 1805 primi
941 1754 1113 1796 funiculi
1149 1753 1241 1809 (e),
1284 1755 1333 1794 ab
1367 1753 1586 1794 interstitio
1622 1751 1719 1797 orti,
1756 1748 1842 1789 cito
1879 1758 1922 1789 et

441 1815 594 1872 integri
641 1818 685 1858 in
730 1814 814 1858 hoc
862 1817 989 1859 corde
1024 1819 1075 1860 ad
1110 1821 1346 1873 marginem
1382 1817 1665 1873 perueniunt,
1718 1815 1923 1870 superque

1823 1890 1923 1919 eum

489 2029 552 2076 (a)
602 2027 687 2061 Tab.
714 2026 760 2062 HI.
793 2040 837 2070 17.

488 2076 533 2117 (b
607 2078 692 2112 Tab.
719 2078 740 2112 i.
769 2081 821 2121 64.
852 2080 904 2122 67.
932 2090 987 2122 70.

489 2130 549 2173 (c)
605 2128 690 2162 Tab.
718 2128 738 2162 i.
768 2131 820 2170 64.
850 2131 901 2172 67.

488 2177 559 2223 (d)
612 2179 697 2212 Tab.
726 2178 745 2213 l.
776 2181 828 2213 66.
859 2181 913 2224 69.

487 2227 546 2275 (e)
598 2228 682 2266 Tab.
707 2228 729 2266 1.
758 2242 808 2277 59.
837 2232 895 2266 60.
922 2229 970 2274 6ιξ
