2111 2828
619 185 738 239 »3233
803 180 1005 241 )351(
1066 180 1182 234 effi<-

627 301 1184 360 SPECIMEN

192 409 488 460 TABVLAE
532 391 676 453 vsv'1
723 404 1011 451 NAvrico
1054 403 1614 451 ACCOMMODATAE

523 486 643 531 PRO
687 484 1083 530 INVENOENDA
1126 483 1291 527 VERA

330 576 751 652 LVNAE
837 576 910 648 A
995 572 1484 648 STELLA

396 689 573 751 VEL
628 686 846 747 SOLE
903 685 1101 746 DIST
1111 685 1305 746 ANT
1316 686 1407 748 1A

214 795 298 841 EX
332 790 694 840 OBSERVATA
730 784 1083 844 VTRIVSQVE'
1111 783 1488 836 ALTITVDINE
1522 789 1598 834 ΕΤ

535 865 867 914 DISTANTIA
900 866 1276 912 APPARENTE.

782 1036 1013 1080 Αιιᾶοτο

649 1114 709 1159 W.
747 1113 798 1158 L.
842 1111 1169 1159 KRAFFTZ‘

172 1319 249 1436 In
284 1325 506 1369 novissima
541 1325 727 1368 editione
760 1323 1050 1374 Tabularum,
1087 1320 1159 1379 (*)
1192 1333 1294 1376 quas
1331 1335 1410 1377 pro
1445 1317 1657 1364 Calenda-

258 1394 306 1432 rii
359 1390 517 1432 nautici
557 1391 628 1431 vsu
667 1391 798 1433 edidit
835 1387 1079 1443 Collegium
1114 1387 1378 1431 Londinense
1411 1388 1473 1431 rei
1518 1387 1654 1443 longi-

174 1458 406 1501 tudinariae
441 1455 728 1509 praetectum,
783 1452 876 1497 Cel.
911 1454 1144 1504 Maskelyne
1179 1453 1368 1508 regulam
1407 1453 1576 1496 tradidit
1610 1463 1653 1496 et

172 1522 489 1580 perelegantem
526 1531 566 1562 et
602 1522 731 1576 rigori
765 1521 1023 1574 geometrico
1056 1519 1241 1575 perfec'te
1277 1520 1652 1572 conformem,ex

173 1589 404 1630 obseruatis
443 1586 585 1628 Lunae
619 1597 661 1628 et
694 1585 848 1628 Stellae
886 1583 1051 1627 Solisue
1087 1584 1377 1626 altitudinibus
1414 1596 1649 1639 earumque

173 1653 368 1695 distantia
402 1661 635 1705 apparente
668 1651 908 1693 inueniendi
945 1662 1091 1691 veram
1128 1651 1354 1691 earundem
1388 1648 1652 1699 distantiam,

172 1733 195 1760 a
229 1717 453 1772 parallaxis
490 1726 533 1755 et
569 1717 827 1758 refrastionis
878 1712 1090 1757 effectibus
1140 1714 1346 1763 liberam,
1400 1714 1518 1754 cuius
1554 1716 1651 1756 curti

173 1782 570 1825 demonstrationem
607 1779 712 1821 mihi
753 1792 1031 1834 quaererem,
1077 1780 1248 1829 accidit,
1291 1789 1338 1820 vt
1373 1778 1542 1833 insuper
1574 1778 1654 1820 alia

173 1844 211 1888 se
248 1846 353 1887 mihi
404 1843 580 1886 offerret
629 1843 803 1898 regula,
855 1856 957 1899 quae
992 1842 1320 1901 Maskelynianae
1371 1845 1574 1898 analoga,
1611 1844 1653 1885 id

175 1910 394 1953 commodi
429 1908 584 1950 habere
617 1910 862 1960 videbatur,
898 1918 944 1949 vt
981 1921 1067 1949 non
1106 1910 1240 1964 ipsum
1279 1909 1411 1951 modo
1447 1907 1655 1950 calculum

176 1977 225 2018 ad
262 1975 533 2031 operationes
569 1975 786 2018 reduceret
824 1973 947 2029 paulo
982 1973 1222 2027 paucioreS‚
1268 1974 1330 2014 sed
1368 1973 1496 2016 etiam
1535 1973 1653 2014 tabu-

171 2042 258 2084 lam
313 2038 594 2094 suppeditaret
628 2049 671 2081 et
708 2039 1026 2084 construstionis
1073 2048 1116 2079 et
1161 2037 1453 2093 applicationis
1504 2037 1656 2080 facilli-

173 2120 293 2157 mae,
329 2118 412 2160 qua
448 2103 659 2145 mediante
708 2104 888 2148 calculus
940 2105 1080 2146 omnis
1128 2104 1223 2145 solis
1258 2102 1548 2157 Logarithmis
1583 2103 1655 2146 ab·

1526 2166 1658 2210 solui·

219 2275 274 2321 β)
300 2271 423 2357 Τάἶδὶεε
443 2270 597 2363 ἑεεῑυὶίῖῐε
624 2282 659 2310 to
686 2273 730 2319 by
755 2272 832 2310 used
859 2275 942 2310 with
981 2274 1035 2310 the
1068 2270 1206 2309 nauucal
1240 2272 1439 2320 ephemeris,
1472 2271 1527 2306 the
1550 2272 1589 2307 Π.
1616 2270 1657 2306 Ε-

358 2334 377 2358 t.
405 2333 438 2365 η
466 2333 489 2357 1.
