2111 2828
931 185 1048 238 »2013
1112 180 1129 242 )
1167 195 1256 237 2³2
1293 183 1310 243 (
1373 187 1490 237 ἓὲ-έω

474 302 573 346 rimi
627 296 842 352 superficie
892 299 1218 354 occupantium,
1270 300 1346 351 (α)
1397 297 1650 341 insertorum
1705 298 1749 341 in
1782 295 1952 356 ‘partem

474 369 594 410 ssriae
613 365 835 418 reliquam,
872 374 911 406 et
937 377 1028 406 eam
1057 366 1259 420 marginis
1297 375 1490 419 partem,
1530 377 1635 420 quae
1669 363 1741 406 fini
1777 366 1894 408 striae
1913 381 1954 411 et

475 434 571 474 foco
607 430 811 485 superiori
848 430 1072 472 intercedit
1099 429 1181 488 (b),
1219 429 1395 472 Tertius
1431 442 1584 485 paruus
1622 444 1677 472 ex
1710 430 1825 472 fibris
1862 445 1960 473 con·

473 496 549 539 stat
601 494 891 551 paucioribus,
944 510 965 537 a
1000 507 1129 550 ponte
1185 496 1424 553 prodiistis,
1477 496 1561 552 (c)
1606 496 1809 539 laminam
1847 495 1962 549 quast

477 561 783 610 efficientibus,
836 560 1050 602 confusam
1108 573 1247 604 tamen
1285 565 1488 615 vti-inque
1525 575 1621 605 cum
1658 561 1773 603 fibris
1808 562 1960 603 vicinis

478 626 585 684 (d),
627 627 789 668 insertis
827 627 869 667 in
908 637 1074 681 partem
1112 628 1311 682 marginis
1347 627 1547 680 eandem,
1582 630 1781 683 proxime
1816 626 1864 667 ad
1899 626 1961 668 fo-

473 705 570 736 tum
607 693 893 747 superiorem,
944 702 986 733 et
1021 693 1063 733 iu
1099 693 1241 734 focum
1297 691 1408 736 hunc
1457 692 1593 748 ipsum
1630 691 1734 746 (e),
1781 689 1962 744 figuram

480 771 562 800 vua
598 771 693 800 cum
728 757 940 812 prioribus
978 758 1018 797 in
1056 757 1133 799 hac
1168 759 1272 799 facie
1308 758 1497 802 inferiori
1535 756 1795 813 perficiendo
1836 756 1965 798 radia-

483 834 565 867 tam
627 824 893 864 inferiorem.
988 821 1174 877 Quartus
1232 822 1415 876 denique
1468 825 1571 866 ordo
1623 824 1681 864 est
1736 821 1966 869 fibrarum,

482 903 589 944 quae
625 903 648 929 a
685 898 803 944 parte
840 900 1021 936 crenae,
1058 889 1166 931 inter
1205 900 1380 944 pontem
1413 896 1456 929 et
1492 886 1653 941 apicem
1690 885 1830 928 cordis
1867 898 1968 927 con-

484 964 599 997 tenta
638 953 745 1009 (f),
797 954 1019 1002 oriuntur,
1072 966 1178 1008 quae
1215 953 1450 1008 marginem
1488 954 1563 993 vix
1610 952 1823 993 transeunt
1859 945 1968 1009 (g),

488 1031 626 1073 neque
665 1020 704 1059 in
741 1019 988 1059 inferiorem
1037 1020 1247 1073 prodeunt
1300 1017 1528 1058 ventriculi
1565 1015 1847 1071 superficiem.
1919 1017 1970 1057 ln

485 1087 627 1126 focum
663 1083 741 1124 hae
779 1082 935 1132 fibrae,
987 1083 1060 1123 nisi
1114 1096 1288 1133 omneS‚
1340 1084 1576 1123 maximam
1622 1092 1785 1134 partem
1826 1090 1971 1119 tamen

485 1146 679 1193 radiatim
736 1148 979 1190 inseruntur
1031 1147 1320 1201 superiorem,
1374 1146 1639 1201 figuramque
1682 1149 1724 1187 in
1768 1144 1972 1198 superiori

486 1213 707 1269 superficie
746 1213 794 1254 ad
832 1215 993 1267 apicem
1032 1212 1223 1255 efficiunt
1265 1214 1471 1255 radiatam
1512 1210 1623 1267 (h),
1675 1212 1793 1253 cuius
1830 1212 1874 1252 iu
1909 1208 1974 1249 su-

488 1280 731 1336 perioribus
772 1280 934 1322 mentio
967 1277 1072 1319 facia
1109 1278 1181 1319 cst.

520 1401 672 1446 Fibrae
705 1401 859 1446 ordinis
888 1402 1016 1458 primi
1052 1405 1171 1460 (Tab.
1209 1407 1279 1451 Ill.
1316 1411 1359 1452 6.
1387 1415 1424 1453 8.
1454 1423 1522 1453 10.
1559 1421 1626 1465 14.
1654 1420 1725 1459 17.
1759 1415 1829 1453 18.
1857 1407 1946 1462 19.)

683 1494 832 1538 Fibrae
879 1496 1039 1541 ordinis
1079 1501 1210 1557 primi
1249 1517 1270 1543 a
1307 1512 1426 1559 parte
1477 1500 1720 1546 finisteriori
1774 1500 1984 1543 tenuiori-

491 1573 571 1616 que
605 1559 666 1601 fili
719 1561 982 1613 cartilaginei
1041 1567 1283 1620 posterioris
1322 1568 1470 1610 sinistri
1509 1567 1612 1623 (ι),
1663 1577 1705 1608 et
1742 1579 1765 1606 a
1802 1566 1981 1608 dimidio

492 1625 715 1670 interstitio
739 1625 821 1684 (k)
860 1627 968 1667 inter
1003 1642 1258 1687 urumque,
1293 1635 1481 1676 anterius
1518 1645 1563 1674 et
1596 1631 1822 1688 posterius,
1860 1630 1978 1670 filum

1887 1694 1981 1735 fini-

544 1849 597 1893 (α)
624 1847 710 1880 Tab.
739 1848 760 1880 Ι.
792 1858 840 1891 59.
870 1850 922 1885 86.

546 1901 597 1943 (b)
626 1898 710 1931 Tul).
738 1898 791 1931 111.
821 1911 866 1941 κ).
894 1910 938 1942 25.
967 1910 1009 1941 3¹-
1038 1913 1084 1944 32,

549 1950 598 1994 (c)
624 1948 710 1981 Tar).
739 1950 759 1980 l.
792 1955 843 1991 87.
874 1955 926 1989 38.

548 1998 590 2044 (η’
634 1998 719 2032 Tab.
749 2000 769 2031 1.
800 2008 848 2040 33.
879 2008 931 2042 84.
962 2004 1016 2044 89.

549 2053 603 2094 (er)
632 2049 718 2083 Tab.
747 2049 799 2083 ΙΙΙ.
829 2061 880 2093 47.
909 2052 946 2084 C.

550 2101 610 2146 (f)
639 2099 725 2133 Tau.
753 2101 774 2132 1.
803 2108 856 2143 89.
887 2102 926 2133 1).

551 2152 608 2195 (g)
637 2150 722 2184 Tab.
751 2152 772 2183 Ι.
801 2158 847 2194 85.
876 2163 923 2194 91.
951 2148 989 2182 E.

552 2202 605 2243 (h)
633 2201 718 2235 Tab.
750 2202 770 2235 l.
799 2203 833 2234 E.

553 2251 610 2294 (i)
638 2252 722 2284 Tau.
751 2251 803 2284 ui.
830 2252 863 2286 Β.
893 2262 924 2294 y.
952 2259 980 2282 x.

555 2298 610 2346 (k)
638 2301 722 2336 Tab.
749 2303 803 2339 ui.
832 2303 869 2335 Λ.
